2744 5056
130 713 150 776 6
499 725 521 782 I.
534 724 740 780 MILTIADES.
759 725 835 785 CAP.
849 733 872 786 2.

195 900 224 962 2.
249 899 294 961 lbi
318 900 402 961 brevi
426 909 561 980 tempore
587 899 746 961 barbarum
773 901 866 980 copiis
884 901 1014 962 disiectis
1032 908 1091 963 tota
1113 901 1249 978 regione,

132 1004 221 1064 quant
235 986 376 1065 petierat,
399 986 524 1064 potitus,
544 984 610 1045 loca
631 985 759 1046 castellis
779 986 887 1046 idonee
903 986 1091 1055 communiit,
1114 984 1249 1047 multitu·

133 1073 247 1138 dinem,
264 1087 352 1147 quem
367 1088 467 1131 seeum
482 1070 620 1140 duxerat,
639 1070 670 1129 in
686 1072 765 1147 egris
781 1068 936 1131 collocavit
950 1070 1124 1147 crebrisque
1140 1089 1250 1131 excur-

106 1155 266 1217 2sionibus
287 1153 482 1234 locupletavit.
528 1154 629 1232 Neque
647 1157 743 1216 minus
758 1156 789 1216 in
806 1174 838 1216 ea
854 1173 887 1217 re
904 1157 1061 1234 prudentie
1078 1172 1168 1232 quem
1184 1155 1251 1216 leli·

134 1241 220 1300 eitate
241 1239 358 1300 adiutus
379 1247 432 1299 est.
477 1240 551 1300 Nam
574 1257 641 1299 cum
662 1240 770 1301 virtute
791 1239 917 1300 militum
938 1241 1093 1301 devicisset
1115 1239 1251 1302 hostium

135 1325 297 1401 exercitus,
320 1342 434 1385 summe
456 1326 603 1402 aequitate
626 1341 677 1385 res
697 1326 851 1385 constituit
871 1334 959 1401 etque
981 1327 1045 1404 ipse
1060 1324 1173 1385 ibidem
1189 1344 1254 1387 ma·

107 1419 205 1471 encre
222 1409 361 1469 decrerit.
405 1409 477 1469 llret
493 1411 572 1470 enim
587 1410 665 1470 inter
681 1427 732 1470 eos
747 1410 890 1487 dignitate
906 1411 998 1488 regia,
1015 1410 1148 1487 quemvis
1164 1427 1252 1471 care·

135 1492 185 1555 bat
199 1496 328 1562 nomine,
345 1510 442 1569 neque
457 1494 486 1553 id
503 1496 596 1571 magis
611 1495 737 1572 imperio
753 1512 841 1574 quem
855 1495 964 1556 iustitie
981 1488 1169 1555 consecutus.
1194 1493 1255 1556 Ne-

135 1597 192 1658 que
208 1597 243 1640 eo
259 1579 350 1640 setius
365 1577 610 1656 Atheniensibus,
631 1598 647 1639 a
663 1578 771 1657 quibus
786 1587 848 1640 eret
863 1574 1033 1658 proiectus,
1050 1579 1147 1640 ostiola
1163 1596 1255 1657 pree·

135 1662 239 1727 stabnt.
274 1659 387 1730 Quibus
402 1662 492 1723 rebus
507 1661 604 1738 tiebat,
622 1672 727 1724 utnon
744 1665 841 1724 minus
857 1683 961 1724 eorum
977 1663 1126 1724 voluntate
1142 1681 1256 1742 perpe·

135 1756 187 1808 tuo
205 1749 365 1825 imperium
381 1745 544 1821 obtineret,
561 1750 612 1826 qui
627 1750 785 1819 miserunt,
804 1766 892 1826 quum
908 1749 1041 1825 illorum,
1059 1767 1127 1809 eum
1143 1748 1257 1827 quibus

109 1839 199 1892 terat
213 1832 374 1910 proiectus.
420 1832 603 1894 Chersoneso
619 1833 669 1894 teli
685 1834 773 1894 modo
790 1835 947 1895 constituta
963 1833 1105 1894 Lemnum
1128 1835 1257 1894 reverti-

136 1923 184 1975 tur
200 1923 229 1976 et
245 1936 280 1977 ex
296 1923 382 1994 pecto
398 1917 539 1995 postulet,
557 1927 588 1978 ut
603 1918 659 1979 sibi
675 1918 780 1980 urbem
796 1919 929 1991 tradant;
952 1917 995 1979 illi
1012 1920 1091 1978 enim
1107 1918 1257 1990 dixerunt,

136 2019 203 2060 eum
225 2008 313 2061 vento
335 2001 425 2062 borea
447 2002 534 2062 domo
554 2004 707 2081 proiectus
723 2022 758 2064 eo
775 2006 971 2080 pervenisset,
995 2022 1060 2063 sese
1082 2002 1255 2064 dediturose

109 2095 166 2147 ose
181 2093 279 2146 autern
294 2086 414 2146 domum
430 2086 607 2147 Chersonesi
622 2086 744 2148 bebere.
786 2087 885 2164 Ceres,
903 2090 953 2165 qui
969 2096 1032 2147 tum
1048 2086 1195 2148 Lemnum
1210 2089 1257 2147 iu·

138 2169 290 2243 colebant,
311 2171 365 2230 etsi
380 2178 498 2249 praeter
515 2172 685 2249 opinionem
701 2190 750 2232 res
766 2172 930 2241 occideret,
957 2181 1073 2241 temen,
1096 2189 1157 2230 uon
1175 2171 1257 2233 dieto

170 2388 239 2448 ml.
262 2387 336 2439 brevi
350 2393 467 2456 tempore
483 2389 671 2441 verbindemit
757 2389 851 2457 Neque
878 2407 908 2441 eo
940 2391 1037 2453 retius,
1065 2386 1141 2440 ‘aber
1167 2390 1261 2444 niehts

136 2457 248 2525 potitus,
276 2457 324 2510 dns
352 2457 437 2510 durch
463 2453 523 2510 ‘als'
548 2461 670 2511 anfzulii-
723 2460 801 2512 desto
824 2455 1155 2529 weniger’.-apuibus‚
1174 2460 1260 2513 Orto-

138 2545 185 2581 sen
209 2528 254 2579 ist.
304 2527 425 2580 disiectis
446 2528 525 2592 wird,
554 2529 606 2580 wie
630 2532 671 2582 oft
722 2527 970 2599 bestimmung‘von
980 2529 1067 2581 denen
1079 2525 1145 2581 eus’.

139 2598 252 2650 ablativi
274 2599 333 2652 ebs.
355 2614 381 2649 u.
403 2598 501 2668 partie.
530 2599 609 2663 coni,
635 2600 670 2653 irn

137 2668 171 2721 D.
192 2669 235 2720 ein
256 2668 419 2720 Substantiv
439 2668 487 2721 mit
511 2669 587 2721 einer
604 2671 672 2724 Pre-

139 2756 198 2807 pos.
229 2735 304 2791 ‘uach
326 2735 522 2807 Zerstreuung’
543 2757 565 2791 s.
589 2758 622 2794 zu
645 2744 661 2792 7

759 2626 862 2691 Quibus
892 2628 985 2688 rebus,
1026 2627 1060 2675 im
1092 2624 1125 2675 D.
1156 2624 1262 2694 kniipl'e

723 2695 771 2748 mit
788 2691 859 2749 ‘nun’
876 2714 925 2764 en,
950 2714 972 2747 s.
993 2712 1027 2747 zu
1047 2694 1126 2745 euius
1144 2696 1261 2763 generie

663 2784 670 2810 ν
725 2772 748 2832 1,
760 2772 785 2819 e.

139 2814 165 2862 4.
182 2838 215 2848 -
234 2809 380 2860 tartarum
397 2831 423 2856 =
440 2811 672 2863 barbarorum.-

139 2878 249 2931 barbari
269 2871 443 2944 (defoderunt)
459 2880 571 2931 wurden
590 2881 672 2931 iiber-

139 2948 225 3014 baupt
242 2946 286 2998 die
307 2945 522 3012 Nicbtgrieehen
545 2955 673 3015 genennt,

140 3015 298 3084 vorziiglich
319 3017 386 3066 aber
405 3015 449 3066 die
469 3017 578 3069 Persen,
607 3019 674 3070 Wer
741 3059 748 3073 .

140 3085 396 3154 isthiergemeint‘l

175 3155 320 3207 collocavit
345 3152 469 3208 ‘siedelte
493 3157 534 3209 sie
560 3151 616 3225 en’,
633 3159 674 3210 iu-

141 3226 201 3279 dem
212 3244 242 3278 er
251 3226 333 3278 ibnen
342 3227 449 3279 Aeeker
459 3227 570 3281 enwies.

177 3304 202 3352 2.
222 3297 373 3362 devicisset,
391 3297 417 3348 in
438 3297 543 3366 einigeu
563 3299 674 3351 Zusam-

142 3375 352 3436 mensetzungen
389 3367 488 3420 driieltt
526 3371 559 3421 de
594 3387 676 3422 unser

141 3432 283 3506 ‘giinzlich'
293 3454 351 3489 eus.

178 3524 220 3558 res
239 3505 382 3558 constituit
402 3502 526 3559 ‘ordnete
548 3508 592 3560 die
621 3508 676 3559 An-

141 3571 367 3646 gelegenbeiten’.
394 3577 525 3629 Aehnlich
544 3578 677 3641 §dCber-

143 3664 239 3700 eoneeo
250 3648 409 3698 constituta.

179 3720 205 3772 3.
232 3719 305 3769 Erat
323 3715 463 3785 dignitate
483 3715 569 3779 (nicht
585 3710 678 3768 ‘wur-

145 3781 201 3855 de')
228 3788 326 3857 regia,
354 3786 424 3837 beim
442 3785 525 3842 ablat.
545 3786 613 3837 oder
630 3803 679 3853 ge*-

144 3857 221 3911 nitiv.
250 3857 345 3929 qualit.
369 3856 407 3908 ist
428 3873 484 3907 esee
505 3856 678 3925 gewdhnlich

144 3927 230 3981 freier
256 3945 290 3981 zu
309 3928 472 3979 ubersetzen
494 3926 607 3995 (haben,
629 3927 679 3978 be-

143 3999 241 4064 sitzen,
251 3998 357 4067 zeigeu,
366 3997 498 4049 besteheu
508 4015 534 4049 u.
544 3998 591 4062 ii).

179 4069 302 4134 quamvis
350 4067 398 4119 mit
442 4068 502 4119 dem
545 4067 680 4120 ludicativ

144 4135 183 4189 ist
201 4155 289 4205 gegen
306 4138 358 4190 den
377 4139 506 4190 berseren
522 4138 680 4207 Sprecbge-

147 4207 261 4259 brouch.

183 4294 272 4344 neque
281 4278 312 4329 id
326 4285 486 4330 consecutus
500 4277 606 4343 (Part.)
616 4272 679 4330 ‘und

147 4363 222 4399 zwnr
241 4349 309 4400 ohne
327 4348 386 4399 dies
396 4347 516 4400 erreicht
525 4364 558 4399 zu
568 4342 681 4411 haben'5

148 4413 680 4487 imperio‘durchden(ibmverliebenen)

149 4482 336 4541 Oberbefehl’.
384 4489 479 4541 Ueber
506 4503 563 4539 non
588 4487 681 4557 mugio

148 4589 184 4600 -
193 4575 275 4626 quam
283 4576 307 4613 s.
318 4574 352 4611 ru
362 4557 394 4626 V,
407 4560 455 4625 t,2.

758 2856 784 2905 4.
809 2851 956 2902 reuertitur
976 2881 1011 2890 -
1032 2850 1169 2917 postulat,
1194 2851 1262 2903 Prt-

725 2920 1263 3056 :ffi’cst’ubbbie'blbbbsstffebrffffblbno‘

725 3075 818 3111 r1cum.
873 3057 975 3124 Folgeu
1002 3059 1071 3109 kann
1101 3057 1202 3112 darauf
1229 3062 1263 3113 im

725 3129 883 3181 Nebensetz
902 3127 1006 3180 sowohl
1025 3127 1051 3178 d.
1063 3127 1156 3178 Praes.
1177 3130 1221 3183 als
1237 3131 1263 3183 d.

726 3201 834 3268 imperf.
864 3227 896 3235 -
925 3216 957 3250 ex
983 3204 1063 3266 poeto
1091 3190 1186 3260 'nech,
1218 3219 1265 3271 ge.

727 3263 860 3325 mdes-⁹.

761 3375 822 3409 eum
843 3351 949 3407 ‘waun‘.
970 3383 1005 3394 -
1024 3373 1082 3407 ecee
1110 3354 1262 3423 dedituros,

727 3428 844 3480 welches
863 3425 978 3492 Subjeet
996 3425 1032 3478 ist
1050 3425 1130 3477 hiuzu
1150 3427 1263 3479 zuden-

727 3497 800 3550 kent
818 3496 958 3547 Zuweilen
975 3496 1086 3547 werden
1098 3496 1141 3546 die
1152 3496 1266 3548 reflexi-

729 3584 780 3619 ven
807 3565 860 3618 und
886 3565 1073 3634 perslinliehen
1102 3566 1266 3619 Pronominu

729 3638 768 3690 als
788 3636 866 3702 Subj.
891 3636 939 3687 des
963 3652 1052 3687 accus.
1073 3654 1096 3687 c.
1120 3637 1169 3687 inf.
1187 3654 1265 3705 weg-

727 3708 861 3777 gelessen,
878 3723 956 3757 wenu
967 3705 1015 3758 das
1023 3705 1185 3774 regierende
1195 3709 1266 3758 Ver-

728 3781 790 3831 bum
800 3776 927 3830 dasselbe
937 3776 1015 3843 Subj.
1025 3778 1081 3828 het.
1091 3776 1159 3827 Hier
1165 3777 1266 3829 kommt

730 3849 808 3914 dazu,
824 3847 886 3898 dass
898 3847 1023 3898 dasselbe
1033 3848 1184 3899 Pronomen
1195 3848 1265 3899 auch

730 3919 799 3971 noeb
811 3918 850 3969 als
860 3915 963 3983 0bject
972 3917 1054 3971 steht.

765 4033 792 4066 ce
824 4014 933 4064 domum
966 4011 1127 4064 Chersonesi
1154 4011 1264 4077 habere,

731 4086 828 4137 Worte
848 4083 896 4134 des
906 4081 1054 4147 Miltiades,
1074 4099 1125 4133 von
1135 4079 1266 4132 welchem

730 4156 849 4209 Verbum
877 4152 1028 4221 abhiingig‘l
1054 4171 1076 4207 s.
1095 4168 1128 4203 zu
1143 4154 1163 4215 l,
1184 4152 1200 4204 3
1224 4151 1267 4203 in·

731 4231 809 4294 cepta
826 4239 958 4292 prospera
970 4229 1084 4292 sutura.
1106 4250 1134 4260 —
1152 4221 1268 4274 Cherro-

732 4296 939 4360 neeis.zul,l.

768 4394 794 4444 5.
810 4397 919 4458 praeter
929 4389 1098 4459 opinionem,
1117 4383 1213 4475 ‘gegen
1223 4383 1267 4426 -’

733 4461 870 4513 ceciderat
878 4456 1054 4530 ‘ausgefellen
1064 4475 1122 4509 iver
1134 4494 1141 4507 .

769 4557 841 4609 dieto
853 4556 931 4609 nimi.
942 4553 1171 4608 adversariorum.
