2744 5056
427 612 694 674 retundimus
712 615 791 670 cAP.
809 621 833 674 a.
847 621 871 670 e.
1168 602 1209 668 87

91 798 121 852 et
139 789 311 869 proditores
331 785 460 868 perculit
475 793 504 849 et
518 786 610 849 hostis
625 788 806 866 profligarit,
830 798 875 867 et,
897 789 977 869 quod
992 789 1029 850 ad
1043 791 1208 868 perniciem

91 892 176 936 suam
195 874 294 936 luerat
314 873 489 950 cogitatum,
512 871 595 933 idad
615 872 739 935 salutem
761 875 914 935 convertit.
946 872 1010 943 Quo
1027 892 1124 953 neque
1139 894 1209 938 aeu-

88 962 152 1103 {ius
178 957 269 1020 ullius
289 958 479 1038 imperatoris
500 958 662 1034 cogitatum
683 974 780 1039 neque
801 957 930 1020 celerius
951 959 1062 1020 lactum
1083 978 1209 1040 usquam

104 1060 229 1122 egimus.

178 1129 206 1190 7.
227 1127 271 1188 Ab
287 1127 344 1188 hoc
359 1133 459 1187 tamen
473 1128 538 1188 viro
554 1128 693 1206 Sysinas,
715 1130 844 1189 maximo
863 1136 933 1188 natu
948 1127 1035 1197 tilius,
1052 1128 1158 1191 desciit
1172 1130 1208 1191 ad

94 1229 257 1290 regemque
272 1212 387 1272 transiit
405 1220 434 1272 et
448 1211 484 1272 de
501 1210 668 1274 delectione
683 1215 776 1291 patris
787 1211 899 1273 detulit.
931 1209 996 1280 Quo
1008 1215 1112 1273 nuntio
1124 1215 1208 1275 Arta·

92 1312 198 1358 xerxes
213 1303 394 1365 commotus,
414 1296 493 1375 quod
508 1295 702 1374 intellegebat
717 1296 774 1357 sibi
789 1315 858 1358 oum
870 1298 934 1356 viro
950 1297 1019 1357 lorti
1035 1316 1070 1359 ae
1084 1307 1207 1358 strenuo

90 1382 242 1458 negotium
258 1399 341 1453 esse,
362 1381 428 1461 qui,
449 1398 518 1442 eum
534 1383 707 1459 cogitasset,
728 1382 827 1442 facere
843 1381 967 1452 auderet
982 1389 1011 1442 et
1028 1383 1112 1461 prius
1128 1385 1208 1460 cogi·

90 1472 156 1526 tare
187 1482 275 1542 quam
308 1466 411 1526 conari
436 1474 623 1536 consuesset,
654 1465 907 1545 Autophrodatem
933 1466 963 1526 in
990 1466 1207 1545 Cappadociam

90 1550 189 1612 mittit,
218 1549 274 1610 llio
295 1567 334 1611 ne
354 1550 468 1611 intrare
483 1558 597 1629 posset,
621 1550 744 1625 saltum,
764 1553 795 1611 in
812 1567 870 1627 quo
887 1549 1006 1612 Ciliciae
1021 1559 1125 1628 portae
1139 1558 1241 1612 sunta

89 1634 179 1706 sitae,
201 1633 338 1695 Datames
358 1651 582 1713 praeoccupare
602 1635 725 1696 studuit.
757 1635 815 1696 Sed
830 1644 889 1695 tam
904 1635 1003 1696 subito
1020 1637 1121 1713 copias
1136 1653 1207 1696 con·

89 1717 211 1780 trahere
233 1735 294 1778 non
315 1718 419 1797 potuit.
451 1721 474 1778 Α
496 1735 553 1796 qua
568 1737 602 1780 re
618 1717 760 1798 depulsus
774 1737 842 1779 cum
858 1737 892 1779 ea
907 1737 1011 1790 manu,
1034 1737 1121 1797 quam
1138 1729 1241 1782 con-3

88 1811 232 1870 manerat,
252 1801 352 1864 locum
375 1801 479 1880 deligit
497 1802 602 1874 talem,
625 1813 657 1864 ut
672 1821 769 1883 neque
784 1805 992 1864 circumiretur
1008 1802 1044 1865 ab
1060 1804 1206 1876 hostibus,

89 1903 188 1964 neque
208 1889 387 1966 praeteriret
408 1887 609 1958 adversarius,
631 1889 702 1966 quin
724 1886 903 1966 ancipitibus
920 1887 993 1947 loois
1007 1897 1205 1966 premeretur,

88 1979 132 2041 et,
156 1973 182 2034 si
202 1972 345 2032 dimicare
365 1990 400 2032 eo
422 1970 522 2044 vellet,
546 1990 606 2033 non
627 1974 753 2034 multum
774 1971 879 2034 obesse
899 1971 1055 2033 multitudo
1076 1972 1205 2034 hostium

86 2073 159 2118 suae
174 2057 315 2135 paucitati
330 2065 441 2135 posset.

173 2138 202 2202 8.
226 2140 306 2202 Hace
332 2142 386 2203 etsi
413 2141 649 2222 Autophrodates
663 2140 797 2218 videbat,
822 2149 922 2202 tamen
942 2143 1041 2203 statuit
1063 2141 1206 2220 congredi

87 2242 176 2304 quam
191 2243 259 2287 cum
275 2227 364 2286 tantis
379 2227 472 2304 copiis
487 2227 625 2304 refugere
641 2235 691 2287 aut
705 2234 764 2286 tarn
785 2226 835 2286 diu
857 2243 916 2286 uno
932 2227 998 2287 loco
1010 2227 1125 2288 sedere.
1148 2227 1204 2288 Ha·
1222 2236 1240 2287 2

88 2307 179 2371 hebal
192 2309 393 2371 harbarorum
409 2312 540 2390 equitum
555 2311 617 2380 XX,
633 2311 765 2390 peditum
782 2310 804 2371 C
819 2309 909 2381 milia,
924 2328 998 2388 quos
1012 2310 1055 2371 illi
1067 2311 1206 2372 candaces

88 2393 253 2473 appellant,
284 2394 477 2475 eiusdemque
502 2398 621 2473 generis
647 2395 687 2456 lll
714 2394 793 2455 milia
822 2394 1021 2463 funditorum;
1049 2405 1205 2473 praeterea

89 2479 298 2559 Cappadocum
326 2477 387 2540 Vlll
414 2479 511 2550 milia,
538 2482 747 2541 Armeniorum
768 2479 796 2538 X
815 2479 911 2557 milia,
938 2478 1162 2557 Paphlagonum
1182 2480 1207 2539 V

88 2562 184 2635 milia,
206 2564 356 2643 Phrygum
376 2564 401 2624 X
423 2564 518 2637 milia,
539 2564 687 2643 Lydorum
711 2562 839 2632 Vmilia,
855 2563 1073 2641 Aspendiorum
1089 2570 1118 2623 et
1133 2562 1206 2624 Pisi·

88 2648 194 2709 darum
222 2649 343 2709 circiter
371 2649 410 2709 lll
431 2649 528 2726 milia,
558 2648 685 2710 Cilicum
707 2647 746 2718 ll,
774 2647 984 2725 Captianorum
1007 2646 1144 2716 totidem,
1170 2666 1205 2709 ex

87 2734 213 2794 Graecia
240 2732 456 2794 conductorum
483 2734 530 2801 lll,
557 2733 630 2795 levis
656 2738 824 2793 armaturae
850 2733 1009 2792 maximum
1039 2735 1206 2794 numerum.

122 2880 160 2933 od
176 2880 328 2949 perniciem
349 2899 438 2951 wem,
466 2883 510 2935 die
533 2884 622 2954 Regel
708 2876 947 2949 puin‘ohnedass,
968 2877 1099 2936 ohnczu'.
1111 2899 1207 2934 -on·

88 2950 214 3004 sordente
225 2952 293 3005 eius.
673 2950 803 3021 cipitilms
812 2947 1207 3020 loeie‘durehdasgeliihrliche

115 3024 216 3087 swod
233 3023 387 3091 cogitatum
405 3040 426 3076 s.
444 3039 478 3075 zu
497 3023 536 3090 V,
555 3027 618 3088 2,1
671 3015 808 3075 Terrain’.
1072 3065 1075 3071 .

83 3092 324 3157 summoneatur.
706 3087 1207 3159 et-poasetbildetdas2.Glieddes

124 3163 186 3226 Quo
199 3158 222 3215 ι’.
233 3178 268 3213 au
277 3161 298 3223 l,
309 3163 335 3226 d,
347 3163 363 3213 5
376 3178 431 3228 pua
440 3177 540 3231 pogna
550 3161 622 3213 otttt
672 3156 1207 3227 mitoteingeleitetenFolgesetzes‚des

89 3231 183 3283 oeteo
212 3231 318 3285 acolitit
342 3231 524 3286 nobiliora-
544 3231 622 3300 cogi·
673 3228 747 3284 erst'e
756 3231 793 3282 ist
804 3227 888 3281 durch
898 3243 1114 3294 neque-neptae
1123 3227 1208 3278 awei-

87 3306 178 3355 tudun
197 3296 331 3364 ‘umfalt'3
350 3306 463 3368 factam
479 3296 622 3352 ‘Ausidhr-
647 3330 650 3335 ·
672 3300 780 3369 eheittg.
798 3326 832 3337 -
853 3297 986 3349 dimicare
1009 3297 1102 3362 vellet,
1128 3297 1207 3364 snbj.

85 3366 157 3440 uns.
672 3366 1019 3432 Datamemeoniimldoeo.

708 3439 744 3502 8,
756 3445 778 3492 1.
789 3439 1002 3506 statuit-quam
1012 3435 1139 3489 schliesst
1147 3434 1207 3487 hier

122 3505 154 3568 'a
165 3510 190 3561 l·
201 3508 301 3561 Albos
310 3508 337 3559 d·
347 3508 366 3562 ἰ.
377 3524 395 3558 ⁰
403 3513 491 3559 tanto.
673 3510 726 3562 den
737 3509 844 3578 Begrifl
864 3524 918 3560 von
928 3509 1022 3577 potius
1031 3507 1058 3558 in
1068 3505 1135 3568 sich,
1156 3505 1207 3556 wie

121 3577 242 3631 maximo
252 3586 333 3646 natu,
351 3577 557 3646 gewdhnlicher
564 3593 623 3628 mo·
672 3580 804 3633 zuweilen
815 3579 885 3631 velle
895 3578 948 3631 den
957 3595 1011 3630 von
1021 3577 1112 3629 molle.
1122 3604 1156 3615 -
1166 3591 1207 3626 ac·

84 3646 178 3700 ximus
194 3655 278 3715 natu,
298 3648 354 3717 vgl.
373 3663 478 3717 magno
493 3652 565 3698 notat
575 3645 622 3712 IV,
673 3651 738 3702 dere
747 3649 807 3700 hier
816 3649 865 3701 mit
873 3650 934 3701 dem
943 3644 1148 3714 Nebenbegriff
1158 3643 1208 3696 der

85 3717 177 3784 aa»,
672 3710 1124 3787 Uuthfitiglreitz‘liegenbleiben’.

121 3793 270 3840 conmotus
287 3803 310 3839 ³·
327 3783 490 3852 2111V‚3‚5·
526 3784 622 3836 Ordne
707 3794 733 3842 2.
746 3790 926 3841 barbarorum
944 3787 999 3842 d.i,
1018 3783 1060 3837 ‘an
1070 3775 1207 3850 Persem’,

86 3854 182 3925 mittit,
192 3856 266 3925 quod
275 3854 565 3925 intellegebat-sibi
574 3871 623 3906 ne·
673 3877 694 3912 s.
714 3874 749 3911 nu
767 3859 789 3924 I,
806 3861 830 3924 7,
844 3862 866 3914 ι,
900 3852 1206 3925 Milpraetereafolgen

85 3926 198 3994 gotium
208 3944 265 3979 eece
273 3921 314 3978 ‘er
325 3926 396 3978 habe
408 3942 436 3977 es
446 3941 480 3977 zu
490 3919 574 3977 thun’.
671 3928 717 3980 die
726 3926 962 3996 niehtpersischcn
970 3921 1206 3993 Truppene-ille',

119 3996 288 4066 &depulsor
300 3995 327 4048 d.
338 3995 530 4064 iproltiditus.
672 3999 784 4064 Persae,
810 3997 864 4064 vgl.
883 3996 959 4061 VIIl,
978 3997 1003 4061 3,
1020 3996 1052 4059 ²3
1071 3993 1207 4046 eordocua

120 4065 314 4120 circumiretur
328 4097 362 4106 —
373 4064 539 4136 proeteriret
556 4060 622 4118 ‘om-
672 4087 695 4122 s.
706 4084 740 4121 zu
753 4067 879 4120 Thraeca
889 4065 965 4130 vill,
978 4065 1018 4130 tl,
1028 4069 1055 4118 4.

85 4151 194 4206 gangen
203 4139 314 4191 werden
325 4166 358 4174 —
368 4137 466 4190 vorbei
476 4137 623 4189 marsohie-
706 4138 829 4191 duellem
836 4135 959 4208 generis,
966 4132 1206 4191 miniandum.

85 4222 137 4258 ren
153 4202 273 4261 konnte'.
308 4207 378 4260 Daca
391 4206 622 4275 dieUumdglich-
707 4227 741 4261 ee
760 4209 879 4261 Graecia
898 4211 935 4274 (s.
947 4205 1024 4270 zull,
1043 4205 1070 4267 5,
1091 4201 1206 4257 lreditu

88 4275 148 4329 keit
173 4279 225 4332 der
243 4277 339 4332 Grund
356 4277 406 4330 des
425 4278 622 4332 Unterlassens
672 4278 703 4330 in
712 4280 822 4348 Acium)
831 4279 1039 4343 conductorum,
1047 4272 1207 4329 dieBedeu·

88 4361 158 4415 war,
184 4350 257 4403 wird
286 4349 326 4401 als
346 4348 621 4403 selbstverstdndlich
671 4355 739 4419 tung
758 4351 867 4420 ergiebt
885 4349 943 4403 sich
957 4339 1206 4401 suscenductieiua

85 4414 340 4490 nichtengegeben.
360 4418 467 4473 Anders
476 4422 503 4484 8,
513 4424 538 4473 2.
672 4417 720 4486 XI,
729 4425 756 4489 2,
767 4426 793 4475 4.
