2744 5056
447 630 522 690 xru.
542 629 887 693 succrescebant
1187 617 1225 680 77

116 808 238 870 suberat
250 806 355 868 elassis
365 806 597 876 Atheniensium,
614 809 689 885 quae
702 808 852 887 exciperet
864 809 1001 887 natantis,
1013 809 1113 886 perire
1124 805 1226 869 maluit

116 911 204 972 quam
216 893 308 952 armis
320 891 442 966 abiectis
454 909 556 952 navem
566 891 746 968 relinquere,
757 894 788 952 in
800 909 856 970 qua
865 893 1076 955 iueratvectus.
1093 891 1125 952 ld
1133 891 1226 952 ceteri

115 978 216 1039 lacere
236 975 410 1046 noluerunt,
432 978 483 1054 qui
503 976 601 1036 nando
624 977 655 1035 in
672 983 769 1036 tutum
784 986 993 1056 pervenerunt.
1023 977 1059 1037 At
1073 975 1123 1038 ille
1139 994 1225 1056 prae·

116 1070 196 1123 stare
211 1061 363 1123 honestam
378 1068 502 1121 mortem
519 1061 688 1122 existimans
703 1062 782 1141 turpi
799 1064 889 1134 vitae,
912 1063 1077 1124 comminus
1091 1078 1226 1141 pugnans

117 1145 184 1207 telis
198 1145 325 1206 hostium
339 1146 513 1207 interfectus
531 1152 584 1211 est.

570 1315 771 1324 ——--.-

429 1449 537 1524 XIII.
592 1449 913 1527 TIMOTHEUS.

201 1586 228 1650 l.
244 1586 477 1664 Timotheus,
493 1585 624 1646 Cononis
635 1585 729 1663 iilius,
746 1587 943 1648 Atheniensis.
974 1586 1029 1647 Hic
1045 1605 1061 1646 a
1077 1593 1161 1667 patre
1177 1605 1225 1646 ac·

114 1677 230 1749 ceptam
251 1668 377 1748 gloriam
392 1669 492 1732 multis
507 1671 587 1730 auxit
602 1671 767 1732 virtutibus.
798 1672 866 1732 Fuit
883 1673 960 1732 enim
977 1671 1119 1746 disertus,
1140 1672 1225 1749 impi-

114 1771 183 1832 ger,
203 1753 388 1833 laboriosus,
408 1757 453 1816 rei
473 1753 608 1815 militaris
625 1756 739 1834 peritus
755 1772 852 1832 neque
867 1754 966 1816 minus
981 1757 1104 1817 civitatis
1118 1773 1224 1833 regen-

115 1839 179 1900 dae.
208 1839 298 1900 Multa
318 1838 405 1900 huius
424 1847 493 1900 sunt
508 1839 661 1918 praeclare
676 1840 767 1910 lacta,
790 1840 842 1900 sed
857 1839 931 1900 hacc
946 1841 1074 1900 maxime
1089 1839 1224 1900 illustria.
1243 1854 1260 1903 2

115 1923 268 2003 Olynthios
291 1931 319 1985 et
333 1923 488 2003 Byzantios
506 1923 584 1986 bello
600 1924 726 2002 subegit.
758 1924 879 1985 Samum
894 1925 987 2003 oepit:
1010 1927 1042 1984 in
1058 1941 1117 2002 quo
1133 1941 1226 2003 oppu-

114 2008 232 2086 gnando
254 2008 403 2087 superiori
422 2007 500 2069 bello
522 2007 716 2070 Athenienses
737 2007 817 2070 mille
838 2016 867 2070 et
885 2008 931 2070 CC
952 2007 1062 2070 talenta
1086 2026 1227 2069 cousum-

114 2101 250 2173 pserant,
272 2093 303 2153 id
325 2091 375 2154 ille
399 2094 463 2154 sine
484 2091 543 2154 ulla
563 2091 681 2172 publica
703 2095 836 2172 impensa
857 2092 968 2173 populo
990 2094 1126 2155 restituit.
1169 2092 1226 2152 Ad·

114 2195 217 2239 versus
240 2177 342 2238 Cotum
368 2176 446 2239 bella
473 2179 562 2254 gessit
592 2176 628 2238 ah
656 2196 751 2258 eoque
779 2177 860 2238 mille
888 2185 916 2238 et
939 2177 982 2240 GC
1006 2177 1114 2239 talenta
1140 2195 1227 2257 prae·

115 2262 215 2323 dacin
230 2260 382 2340 publicum
397 2262 518 2323 rettulit.
544 2262 683 2342 Cyzicum
696 2261 852 2323 obsidione
863 2262 1008 2328 liberavit.
1031 2261 1226 2323 Ariobarzani
1244 2273 1260 2326 ³

114 2345 201 2408 simul
213 2364 280 2406 cum
293 2345 428 2423 Agesilao
441 2346 548 2410 auxilio
560 2347 712 2427 proiectus
726 2355 783 2415 est;
800 2365 885 2424 aquo
898 2364 967 2407 cum
980 2348 1057 2407 Laco
1068 2348 1227 2426 pecuniam

113 2438 299 2492 numeratam
320 2433 496 2510 accepisset,
521 2429 572 2493 ille
596 2432 667 2493 civis
687 2450 757 2493 suos
780 2449 851 2509 agro
873 2440 962 2509 atque
985 2431 1109 2492 urbibus
1124 2435 1227 2508 augeri

149 2616 258 2667 suberat
287 2614 312 2665 d.
329 2613 347 2666 i.
369 2614 643 2682 lnpropinpuoerat.
695 2615 857 2682 Eroberuug
895 2630 948 2665 von
976 2615 1071 2666 Sarnos
1099 2613 1228 2684 kniipste3

114 2684 532 2823 ᾶῐὲῗίἓῖὲῑῗῃᾞῖἔάἳίῗοῗέἑ
544 2684 643 2807 pesp
694 2682 919 2821 ῗιῖᾊέἕῃξῗὲἓ
932 2684 1227 2820 etttltllllhall

114 2819 244 2878 nebmen’.
695 2823 843 2875 scheinlicb
858 2824 925 2875 auch
942 2823 991 2875 der
999 2824 1059 2893 Zug
1074 2843 1161 2894 gegen
1173 2827 1229 2894 By-

146 2897 241 2958 tuerat
253 2901 345 2946 certus
361 2911 383 2946 s.
395 2910 427 2945 zu
437 2893 471 2961 V,
481 2895 534 2958 2,1
545 2898 646 2960 fuerat
699 2910 766 2947 zenz
795 2893 848 2945 und
877 2894 929 2946 den
944 2894 1119 2947 thraciscben
1141 2897 1232 2966 Konig

112 2972 244 3016 versatus.
700 2964 795 3032 Cotys.
1033 3033 1039 3046 .
1055 3026 1060 3034 ,

149 3105 184 3169 l,
204 3106 229 3155 1.
247 3099 498 3161 virtutibuswicll,
512 3102 571 3166 1,1.
699 3033 975 3170 νίεξῖιαὲἱῗζξυζζιοέζ
983 3033 1231 3171 ῥέτιὲοἰῗίξῗιὶᾝοι-

150 3179 287 3239 acceptam
317 3170 439 3239 gloriam
463 3169 556 3221 accit:
587 3170 645 3222 Cio.
698 3180 764 3236 tum,
784 3172 1047 3238 circumlucentem
1060 3190 1123 3225 ua.
1141 3172 1229 3226 lassen

115 3242 248 3310 (deosfie.
269 3243 297 3306 l,
318 3240 397 3306 llum
417 3238 535 3303 Quidam
556 3265 589 3276 -
608 3241 645 3290 ad
697 3242 801 3295 sowobl
814 3241 858 3294 die
869 3241 1048 3310 Verbindung
1061 3243 1230 3295 mit-Adver-

114 3312 277 3371 conlaudet,
288 3326 356 3376 quas
371 3326 389 3359 a
401 3308 526 3376 patribus
536 3325 646 3378 aceepe-
695 3313 760 3365 bien
773 3312 812 3363 als
822 3312 870 3364 mit
880 3312 1041 3381 Adjectiven
1052 3329 1094 3365 zu.

113 3389 198 3448 runt,
226 3380 336 3433 addunt
362 3379 484 3446 aliquam
505 3395 584 3430 suam
602 3407 645 3443 -,
731 3382 760 3433 in
785 3399 837 3449 pue
856 3383 1046 3453 oppugnando
1065 3411 1098 3422 —
1116 3382 1163 3445 id,
1183 3382 1228 3434 die

113 3452 187 3520 quod
196 3449 340 3517 idemfeeit
350 3449 517 3517 Timotheus,
525 3449 645 3501 Cononis
696 3453 838 3504 neutralen
872 3453 1034 3505 Pronomina
1063 3451 1227 3504 bezeichnen
1274 3464 1281 3480 ·

108 3523 203 3590 filius,
222 3521 270 3589 qui
288 3537 348 3572 cum
362 3519 427 3570 belli
441 3519 590 3572 landenam
600 3521 645 3571 in·
696 3521 792 3574 Samos
821 3524 856 3574 im
875 3521 1068 3592 Allgemeinen.
1097 3551 1129 3561 —-
1146 3539 1227 3590 supe-

109 3593 200 3661 scrt'or
213 3591 319 3660 suisset
335 3607 416 3658 poam
423 3595 516 3658 pater,
533 3589 570 3641 ad
585 3606 645 3641 eam
696 3592 780 3658 riori,
801 3591 870 3644 iiber
888 3593 933 3645 die
943 3593 1024 3645 Forrn
1043 3610 1065 3644 s.
1076 3609 1110 3643 zu
1127 3591 1226 3643 maiori

97 3664 224 3716 'laudem
243 3661 385 3713 doetrinae
406 3666 433 3712 et
451 3658 563 3729 ingenii
578 3661 645 3730 glo·
714 3661 818 3715 ericulo
836 3662 877 3730 X,
895 3666 925 3724 2,
936 3668 962 3715 4.
990 3663 1029 3713 Im
1042 3663 1067 3714 J.
1083 3663 1134 3714 440
1151 3662 1227 3712 hatto

113 3733 185 3785 riam
195 3731 313 3784 adiecit?
694 3680 818 3784 hericios
835 3732 879 3783 die
889 3732 962 3784 Iusel
978 3731 1103 3798 bekriegt
1117 3730 1171 3781 und
1182 3747 1225 3781 er·

148 3803 281 3856 disertus:
294 3800 369 3852 seine
379 3799 528 3868 Redegabe
537 3799 642 3852 bildcte
697 3805 785 3855 ebert.

113 3873 163 3926 der
177 3869 440 3925 berhhmteRedner
450 3872 587 3923 Isocrates
598 3887 646 3922 eus
731 3864 908 3940 publiea‘aus
922 3871 971 3922 der
980 3862 1174 3921 Staatslrasse'.

114 3943 186 4010 (Cic.
197 3944 230 3995 de
240 3948 310 3994 orat·
321 3942 345 4002 3,
360 3941 434 4006 139).
732 3943 828 3994 Cotum
846 3956 869 3995 s.
885 3956 919 3991 zu
929 3937 977 4002 XI,
996 3941 1025 4002 3,
1042 3944 1068 3992 t.
1085 3966 1119 3977 -
1138 3939 1168 3989 in
1175 3955 1229 4005 pu-

149 4017 174 4065 2.
193 4013 243 4065 Die
253 4010 432 4079 Reibeniolge
445 4011 494 4063 der
503 4010 646 4079 Begeben-
668 4016 670 4022 '
697 4010 796 4064 blicum
808 4009 834 4061 d.
844 4009 862 4060 i.
873 4008 900 4061 in
911 4007 956 4060 die
967 4008 1153 4062 Steatskasse.

114 4082 208 4136 heiten
225 4100 283 4134 war
298 4080 388 4132 dieses
406 4081 474 4133 irnl.
489 4081 539 4133 375
556 4080 646 4132 dicim
732 4085 757 4138 3.
794 4079 1014 4148 Ariobarzanes,
1047 4079 1147 4150 Setrap
1175 4093 1228 4129 von

112 4157 139 4213 2,
150 4153 220 4223 Cap.
240 4151 377 4204 erziblten
395 4151 509 4218 Erfolge
527 4166 577 4203 zur
591 4150 646 4202 See
696 4152 848 4221 Pbrygien‚
868 4151 943 4202 hatte
962 4151 1019 4203 sich
1032 4168 1125 4220 *gegen
1146 4151 1229 4202 Arto-

112 4222 243 4276 wtihrend
260 4222 308 4274 des
318 4220 645 4273 thebaniscb-lueediimo·
695 4240 794 4276 xerxes
804 4221 919 4290 empo'rt.

113 4293 224 4345 uischen
239 4293 369 4358 Krieges3
388 4308 430 4342 um
449 4289 501 4344 att
519 4290 569 4342 der
586 4290 645 4361 Zug
731 4295 804 4345 buco
816 4292 841 4350 d,
853 4292 871 4346 i.
880 4291 1031 4362 Agesilaus.
1041 4288 1150 4341 -civr's
1160 4301 1224 4371 euos

113 4362 390 4429 zurUntersttitzung
406 4361 454 4414 des
465 4361 646 4430 persstatra-
696 4363 748 4414 wie
766 4366 789 4431 1,
807 4363 831 4428 1,
853 4365 876 4415 l.
887 4390 919 4401 -
938 4378 1008 4431 agro
1026 4356 1222 4425 ‘Landgebiem

112 4448 166 4502 peu
177 4434 392 4496 Ariobarzanes,
413 4444 504 4486 moran
524 4430 581 4482 sich
599 4432 644 4483 die
695 4432 831 4502 —augere’
839 4428 926 4484 ‘einen
937 4430 1069 4482 Zuwachs
1080 4419 1222 4479 erbalten'.
