2744 5056
169 718 211 783 38
576 727 608 782 v.
628 725 744 782 cinon
761 725 838 799 cre.
854 734 879 782 4.

136 914 227 970 dest.
256 905 357 982 ltaque
377 911 445 983 post
465 920 574 963 annum
596 904 730 980 quintum
752 921 840 982 quam
857 902 996 981 expulsus
1014 911 1091 980 erat,
1111 905 1141 963 in
1158 906 1284 983 patriam

120 998 329 1053 asirevocatus
355 996 409 1049 est.
454 986 521 1057 lile,
546 987 624 1064 qnod
650 988 781 1067 hospitio
807 988 1110 1050 Lacedaemoniorum
1135 988 1284 1059 utebatur,

169 1078 261 1138 satius
281 1075 451 1134 existimans
472 1072 652 1133 contendere
667 1072 937 1150 Lacedaemonem,
959 1091 1011 1134 sna
1032 1081 1138 1151 sponte
1155 1081 1199 1134 est
1215 1091 1283 1152 pro-

136 1175 153 1222 4
171 1162 265 1222 lectus
281 1175 444 1237 pacemque
457 1159 538 1231 inter¹
547 1157 620 1218 duas
630 1158 848 1236 potentissimas
861 1159 992 1218 civitates
1003 1157 1179 1218 conciliavit.
1203 1159 1283 1230 Post,

170 1261 269 1321 neque
284 1247 322 1303 ita
339 1241 448 1310 multo,
471 1241 598 1321 Cyprum
615 1259 683 1302 cum
699 1241 832 1303 ducentis
848 1241 971 1302 navibus
987 1245 1150 1321 imperator
1165 1245 1283 1313 missus,

170 1348 238 1391 cum
254 1330 316 1388 eins
332 1329 474 1387 rraaiorem
489 1333 604 1405 partem
616 1325 731 1387 insulae
743 1326 912 1402 devicisset,
929 1328 959 1386 in
973 1327 1111 1387 morbum
1123 1328 1283 1406 implicitus

116 1428 155 1471 ιιι
169 1415 198 1474 in
215 1413 324 1493 oppido
341 1412 415 1473 Citio
432 1420 475 1472 est
490 1406 634 1471 mortuus.

251 1498 280 1557 4.
297 1498 383 1558 Hune
399 1495 592 1556 Athenienses
609 1513 669 1556 non
686 1495 782 1556 solum
798 1497 829 1555 in
845 1495 924 1556 bello
936 1497 988 1557 sed
1001 1497 1087 1557 etiam
1101 1498 1131 1556 in
1144 1514 1218 1574 pace
1230 1497 1282 1557 diu

166 1584 417 1645 desideraverunt.
467 1579 535 1641 lluit
559 1581 637 1641 enlm
661 1587 739 1643 tanta
767 1579 959 1651 liberalitate,
987 1599 1054 1641 cum
1077 1580 1282 1660 compluribus

166 1669 240 1729 locis
262 1666 382 1745 praedia
401 1664 566 1742 hortosque
581 1664 721 1742 haberet,
743 1671 777 1725 ut
790 1682 944 1743 nunquam
959 1667 990 1725 in
1006 1667 1042 1726 ils
1059 1665 1211 1726 custodem
1226 1669 1282 1727 im·

166 1754 299 1831 posuerit
320 1751 434 1810 fructus
453 1748 589 1810 servandi
605 1752 715 1827 gratia,
738 1767 775 1811 ne
792 1752 857 1826 quis
873 1750 1084 1828 impediretur,
1106 1768 1164 1829 quo
1182 1751 1282 1811 minus

131 1847 148 1896 2
166 1839 208 1898 ets
220 1836 325 1905 rebus,
342 1834 450 1911 quibus
462 1835 588 1913 quisque
601 1833 696 1905 vellet,
716 1835 875 1896 lrueretnr.
905 1836 1032 1914 Semper
1046 1852 1113 1894 eum
1124 1835 1283 1913 pedisequi

166 1939 234 1982 cum
255 1922 383 1980 nummis
399 1929 467 1980 sunt
482 1922 588 1989 secuti,
611 1930 656 1995 nt,
680 1921 705 1979 si
721 1922 786 1996 quis
801 1921 866 1997 opis
882 1922 947 1980 eius
962 1919 1122 1997 indigeret,
1146 1918 1280 1988 haberet,

166 2007 243 2084 quod
266 2006 362 2066 statim
385 2005 484 2073 daret,
509 2021 547 2064 ne
573 2004 738 2065 differendo
759 2003 909 2065 videretur
927 2021 1047 2080 negare.
1079 2004 1191 2081 Saepe,
1212 2022 1281 2064 cum

166 2091 296 2168 aliquem
325 2088 468 2149 oileusum
495 2089 618 2149 fortuito
647 2088 759 2150 videret
783 2089 880 2149 minus
906 2087 984 2149 bene
1011 2091 1161 2160 vestitum,
1193 2107 1280 2150 snum

131 2183 148 2236 3
168 2173 324 2236 amiculum
346 2172 436 2234 dedit.
472 2172 585 2233 Cotidie
606 2174 649 2232 sic
671 2190 742 2233 cena
765 2174 792 2232 ei
813 2172 1012 2250 coquebatur,
1033 2180 1079 2243 nt,
1101 2191 1176 2253 quos
1197 2175 1280 2234 invo-

165 2267 246 2321 catos
272 2257 393 2318 vidisset
419 2259 450 2316 in
475 2256 557 2326 foro,
583 2274 687 2318 omnes
708 2257 879 2326 devocaret3
907 2259 985 2337 quod
1008 2258 1108 2319 lacere
1130 2256 1211 2317 nullo
1232 2257 1281 2318 die

164 2340 427 2423 praetermittebat.
458 2339 537 2401 Nulli
559 2341 632 2403 fides
653 2343 731 2419 eius,
753 2340 828 2401 nulli
846 2359 951 2420 opera,
973 2340 1046 2402 nulli
1061 2359 1110 2403 res
1125 2340 1280 2405 familiaris

107 2434 110 2440 ’
166 2429 267 2500 deluit3
286 2424 601 2504 nnrltoslocupletavit:
620 2427 790 2506 complures
799 2444 948 2504 pauperes
960 2434 1103 2503 mortuos,
1123 2428 1182 2504 qui,
1199 2428 1280 2489 unde

132 2526 150 2573 4
167 2513 361 2586 efferrentur,
382 2528 441 2571 non
457 2511 648 2590 reliquissent
655 2560 665 2588 ,.
686 2529 740 2571 suo
757 2520 875 2590 sumptu
892 2511 1002 2572 extulit.
1034 2512 1083 2572 Sic
1099 2530 1131 2572 se
1147 2512 1278 2588 gerendo

167 2598 287 2658 minime
304 2603 347 2655 est
360 2595 544 2672 mirandum,
562 2596 587 2656 si
604 2606 633 2657 et
646 2598 705 2656 vita
722 2597 785 2657 eius
801 2595 855 2655 fuit
870 2614 976 2656 secura
992 2604 1021 2657 et
1035 2614 1117 2656 mors
1133 2594 1250 2657 acerba.

195 2819 219 2870 3.
246 2823 307 2883 poet
325 2843 358 2852 -
376 2832 459 2882 quam
483 2814 613 2882 expulsus
632 2823 692 2866 erat
742 2813 888 2881 but'(belln
899 2813 1144 2882 Punicoeeeundo‚
1156 2799 1278 2868 currente

162 2907 182 2941 s.
194 2885 285 2949 zuIII,
296 2885 321 2947 3,
331 2886 357 2949 3,
742 2886 895 2951 senectute)
907 2883 991 2934 adher
1001 2884 1137 2936 bestimmt
1146 2886 1215 2939 sind.

194 2955 312 3022 hospitio
322 2954 459 3005 utebatur:
471 2969 501 3003 er
511 2953 691 3005 warinnthen
777 2960 817 3018 ut,
824 2953 869 3004 die
877 2953 1002 3022 Stellnng
1009 2956 1060 3006 wie
1069 2955 1120 3020 Lo,
1129 2957 1153 3008 3.
1161 2955 1209 3021 ΙΙΙ,
1216 2958 1242 3021 2,
1251 2959 1277 3008 2.

160 3017 304 3090 πρόξενος,
334 3022 616 3090 (staatsgastlreund)
642 3023 692 3073 der
742 3050 776 3061 —
794 3024 932 3092 imponere
946 3018 1013 3076 ‘auf-
1032 3023 1099 3075 oder
1113 3018 1278 3077 hinstellen’.

160 3091 384 3146 Lacedirnonier.
432 3091 532 3144 Solche
560 3101 691 3144 ernannte
776 3092 800 3143 2.
828 3093 970 3161 pedisequi
989 3111 1011 3146 s.
1031 3109 1065 3145 zu
1082 3091 1168 3160 XXV,
1189 3097 1230 3158 13,
1251 3095 1277 3150 3.

160 3163 210 3214 der
219 3163 302 3216 Stant
312 3179 346 3214 an
356 3161 443 3215 Orten
464 3163 512 3214 des
528 3161 690 3230 Auslandes,
777 3163 896 3229 haberet,
923 3165 995 3230 quod
1020 3164 1100 3215 duret
1124 3155 1219 3216 ‘etwas
1242 3182 1277 3217 zu

161 3250 203 3285 um
219 3234 268 3286 das
279 3237 415 3287 Interesse
427 3233 519 3286 seiner
528 3232 635 3301 Biirger
644 3232 693 3284 da·
743 3232 832 3300 geben
843 3229 937 3286 hatte’.

159 3304 248 3357 solbat
269 3321 302 3356 zn
323 3305 448 3367 wahren5
479 3302 540 3355 eine
567 3302 692 3355 iihnliche
779 3321 839 3356 cum
860 3296 966 3367 ‘wann',
989 3301 1043 3371 vgl.
1067 3301 1129 3368 VII,
1153 3304 1276 3365 1,3.—

158 3374 283 3442 Anlgabe
302 3374 390 3425 haben
409 3390 509 3426 ansere
524 3373 644 3425 Consnln
664 3373 690 3425 iu
743 3375 877 3441 offensum
891 3372 1012 3439 fortuito
1032 3366 1093 3423 ‘den
1114 3389 1144 3423 er
1164 3371 1276 3440 cutting

156 3443 415 3495 fremdenStaaten.
740 3437 1073 3497 trat'.-Bet0neeuum.

192 3530 245 3565 ena
253 3520 350 3580 sponte
360 3513 412 3563 wie
423 3511 472 3577 lV,
481 3510 507 3577 3,
519 3512 543 3561 1.
606 3535 608 3539 v
776 3515 802 3564 3.
822 3512 966 3565 invocatos
974 3535 1007 3558 =
1017 3528 1074 3563 non
1084 3517 1205 3563 vocatos.
1228 3526 1277 3561 oo-

193 3589 219 3635 4.
240 3588 304 3651 post
322 3601 344 3634 s.
354 3598 389 3634 zu
406 3580 455 3647 IV,
465 3583 490 3646 3,
504 3584 526 3632 l.
551 3595 639 3646 neque
649 3579 690 3631 tta
743 3598 805 3632 core
815 3582 903 3637 heisst
912 3584 953 3635 oft
963 3577 1005 3633 ‘nn
1015 3582 1103 3634 Gaste
1113 3575 1209 3633 ladeu'.

158 3652 243 3704 multo
259 3646 322 3705 ‘und
341 3668 416 3703 zwar
434 3650 510 3701 nicht
518 3665 560 3701 nm
572 3666 622 3718 gar
631 3649 690 3702 vie·
775 3651 889 3705 vidisset
916 3671 939 3707 s.
958 3668 993 3704 zu
1010 3651 1041 3703 id
1059 3652 1083 3702 si
1096 3650 1232 3719 fecissent
1252 3649 1275 3717 1,

159 3723 209 3787 les,
220 3723 247 3776 d.
258 3722 275 3775 i.
286 3722 360 3775 nicht
369 3737 419 3790 gar
429 3714 525 3788 lenge’.
742 3722 766 3785 1,
776 3720 995 3790 3.-deoocuret,
1004 3723 1039 3774 de
1042 3726 1111 3789 foro
1122 3722 1160 3772 ad
1169 3736 1274 3773 cenom.

190 3792 244 3846 nte
261 3792 342 3844 Form
362 3790 512 3858 implicitus
527 3788 689 3842 heiKrank-
775 3793 842 3853 fides
862 3793 916 3846 wie
938 3793 974 3858 ΙΙ,
994 3795 1019 3856 8,
1040 3796 1056 3843 4
1074 3789 1276 3859 infidemreet'-

157 3862 224 3930 heit,
255 3863 310 3931 vgl.
339 3861 425 3928 XVII,
452 3863 478 3927 8,
504 3857 534 3921 6;
563 3860 687 3929 dagegen
737 3854 1204 3931 peret.—defuit‘bliebversagt'.

62 3954 66 3961 ·
158 3932 206 3998 IV,
233 3940 259 4000 4,
286 3936 303 3986 6
333 3931 420 3983 tantis
446 3930 617 3998 implicatum
643 3949 686 3983 re·
773 3933 848 3985 unde
875 3937 1037 4003 efferrentur
1064 3949 1087 3982 s.
1114 3948 1149 3984 zu
1165 3937 1207 3994 ut,
1226 3928 1275 3997 qui

157 4002 216 4054 due.
234 4031 266 4041 -
285 4003 316 4053 in
334 4003 433 4071 oppido
453 4000 539 4066 cteta,
557 4001 690 4071 richtiger
741 4001 885 4072 efferretur
904 4004 953 4055 oin
962 4001 1106 4068 reliquerit
1115 4002 1165 4062 ΙΙΙ,
1176 4002 1202 4065 3,
1213 4003 1238 4052 2.

156 4071 204 4122 bei
212 4072 262 4124 der
270 4074 440 4141 Belagerung
450 4089 502 4125 von
513 4071 621 4125 Citium.
775 4073 877 4126 ontulit
896 4074 918 4124 li
927 4090 941 4124 e
950 4069 1274 4140 ssbegraben'.l)erLat.

395 4166 398 4174 ·
738 4139 1272 4207 etelltznweilen,waseinerthunlisst,

191 4209 228 4273 4,
248 4211 272 4261 1.
292 4210 322 4261 in
332 4210 411 4277 bello,
421 4211 451 4262 in
460 4229 539 4279 poce,
550 4210 687 4262 Sobatan-
739 4227 769 4263 so
789 4211 853 4276 dar,
873 4211 912 4264 als
931 4212 966 4264 ob
987 4230 1016 4265 er
1035 4231 1064 4266 es
1082 4212 1169 4264 selbst
1185 4208 1273 4261 thiite.

156 4277 224 4342 tiva,
247 4277 291 4330 die
313 4297 346 4332 an
367 4281 425 4333 sich
451 4276 526 4333 nicht
547 4281 590 4331 eiu
611 4278 687 4331 Zeit-
773 4287 799 4335 4.
820 4283 866 4334 Sa'e
874 4300 903 4334 ee
911 4284 1046 4351 gerendo,
1057 4277 1110 4333 ‘bei
1122 4280 1208 4333 einem
1219 4277 1274 4330 sol·

156 4364 227 4402 mass
240 4349 417 4414 bezeichnen,
435 4351 493 4402 wie
503 4349 612 4413 bellum,
640 4366 687 4416 ax,
740 4350 807 4402 chen
825 4346 984 4420 Betregen'.
1002 4352 1066 4405 Man
1086 4348 1274 4404 erwertetci-

196 4419 288 4487 critic,
309 4427 434 4473 seneclus
457 4420 553 4472 stehen
576 4435 610 4471 au
644 4419 688 4472 die
738 4437 800 4472 mon
827 4423 866 4475 als
892 4423 982 4490 snbj,
1011 4441 1036 4475 z.
1057 4423 1090 4477 Β.
1108 4422 1148 4472 sic
1166 4439 1194 4472 se
1212 4437 1273 4490 ger.

155 4438 248 4561 gage
265 4486 382 4543 ‘wenni'
398 4489 447 4541 mit
455 4488 506 4541 der
514 4489 687 4558 Priposition
739 4487 844 4560 effecit,
862 4500 894 4545 ut
913 4501 940 4546 et
958 4493 1017 4545 vita
1035 4499 1093 4558 eet,
1105 4491 1150 4543 die
1161 4492 1273 4544 constr.

152 4561 164 4612 ι’
169 4578 197 4629 n,
215 4579 294 4614 weun
312 4561 353 4614 eie
367 4560 442 4613 nicht
452 4561 536 4613 durch
548 4561 590 4612 ein
599 4560 687 4615 Attri-
737 4561 852 4616 letabor
861 4562 1135 4632 gedudertaeoeerlla
1145 4559 1273 4613 furt-«ent

613 4718 812 4727 *—
