2744 5056
142 662 205 727 152
435 681 536 741 xxm.
553 682 745 737 mutuam
762 683 840 743 cap,
860 689 902 743 ιι.
921 691 962 739 12

141 852 166 911 si
189 862 240 914 aut
260 855 413 933 cepissent
432 864 483 915 aut
500 857 738 933 interfecissent,
760 872 871 934 magno
890 858 929 918 iis
948 856 1109 936 pollicetur
1124 863 1270 938 praemio

141 937 218 998 iore.

230 1024 240 1079 i
252 1024 277 1083 l.
293 1023 358 1085 Tali
367 1024 573 1084 cohortatione
583 1024 711 1085 militum
727 1025 803 1085 lacta
815 1024 918 1087 classis
930 1025 967 1086 ab
978 1027 1117 1108 utrisque
1128 1029 1161 1088 in
1172 1047 1266 1108 proe-

141 1106 215 1167 lium
227 1107 392 1169 deducitur.
416 1108 547 1177 Onerum
559 1111 622 1169 acie
633 1111 807 1179 constituta,
823 1112 998 1188 priusquam
1010 1113 1130 1187 siguum
1142 1130 1270 1192 pugnae

142 1192 279 1267 daretur,
295 1192 457 1268 Hannibal,
474 1201 507 1253 ut
521 1192 619 1272 palarn
634 1195 746 1255 iaceret
761 1197 839 1264 suis,
854 1212 915 1272 quo
931 1194 998 1254 loco
1009 1195 1161 1258 Eumenes
1173 1212 1268 1275 esset,

107 1288 125 1334 2
140 1274 327 1337 tabellarium
341 1280 370 1337 in
387 1278 497 1356 scapha
512 1296 580 1338 cum
594 1279 725 1339 caduceo
740 1281 839 1339 mittit.
869 1279 928 1350 Qui
940 1278 992 1340 ubi
1003 1281 1041 1340 ad
1051 1296 1144 1342 nares
1155 1282 1263 1344 adrer·
1305 1324 1309 1331 -

141 1362 288 1422 sariorum
308 1366 445 1441 pervenit
465 1360 681 1440 epistulamque
702 1363 862 1424 ostendeus
879 1382 913 1422 se
927 1381 1031 1440 regem
1045 1366 1204 1445 professus
1218 1376 1262 1429 est

141 1462 303 1522 quaerere,
318 1449 416 1508 statim
431 1448 469 1508 ad
480 1447 645 1507 Eumenem
661 1447 805 1508 deductus
820 1457 881 1523 est,
897 1449 977 1526 quod
993 1467 1083 1510 nemo
1095 1449 1261 1523 dubitabat,

141 1532 214 1608 quin
230 1531 341 1609 ailquid
357 1532 394 1591 de
408 1549 482 1609 pace
494 1539 571 1591 esset
583 1532 736 1609 scriptum.
759 1531 960 1602 Tabellarius,
976 1533 1061 1594 ducis
1073 1552 1149 1595 nare
1161 1535 1262 1596 decla·

108 1626 125 1676 3
142 1624 206 1675 rata
219 1618 295 1682 suis,
313 1616 433 1682 eodem,
450 1616 528 1676 unde
541 1623 605 1675 erat
616 1633 769 1692 egressus,
785 1635 818 1676 se
829 1619 952 1694 recepit.
982 1620 1018 1677 At
1028 1618 1197 1690 Eumenes,
1213 1640 1262 1681 so-

141 1698 202 1759 luta
225 1699 367 1777 epistula,
389 1698 464 1758 nibil
483 1700 514 1758 iu
538 1717 572 1759 ea
593 1701 741 1778 repperit,
764 1702 822 1761 nisi
844 1717 921 1777 quae
936 1702 972 1761 ad
988 1703 1178 1764 irridendum
1193 1723 1262 1766 eum

141 1784 334 1862 pertinerent.
385 1784 476 1845 Cuius
501 1784 556 1844 etsi
579 1802 699 1845 causam
725 1784 889 1846 mirabatur
916 1802 1014 1864 neque
1040 1787 1261 1865 reperiebatur,

109 1882 126 1929 t
143 1878 243 1928 tamen
264 1868 410 1946 proelium
432 1870 530 1928 statim
551 1870 736 1930 committere
751 1886 812 1928 nou
827 1868 980 1931 dubitarit.
1011 1870 1127 1932 Horum
1141 1875 1174 1932 iu
1190 1891 1262 1933 con·

142 1969 230 2013 cursu
247 1953 375 2032 Bithynii
390 1952 564 2013 Hannibalis
584 1962 744 2032 praecepto
765 1956 894 2014 uuirersi
910 1972 1014 2015 narem
1029 1955 1175 2017 Eumenis
1190 1959 1262 2019 adu·

142 2040 270 2098 riuutm.
302 2035 435 2107 Quorum
450 2039 508 2097 rim
524 2055 576 2098 rex
592 2056 660 2098 cum
675 2040 824 2099 sustinere
839 2056 899 2098 uon
915 2050 1031 2116 posset,
1048 2040 1119 2118 luga
1134 2043 1262 2103 salutem

142 2123 232 2203 petit;
257 2139 346 2200 quam
371 2130 548 2182 consecutus
574 2139 634 2182 nou
661 2132 756 2192 esset,
783 2123 842 2183 uisi
868 2124 946 2183 intra
971 2143 1024 2185 sua
1050 2126 1204 2202 praesidia
1228 2147 1263 2188 se

109 2219 127 2269 a
142 2209 326 2284 recepisset,¹
341 2223 417 2283 quae
438 2208 470 2264 in
488 2208 626 2284 proximo
641 2205 729 2268 litore
744 2213 830 2268 erant
844 2206 998 2268 collocata.
1027 2208 1173 2286 Reliquae
1188 2212 1262 2272 Per·

143 2309 285 2371 gameuae
307 2308 396 2352 naves
412 2307 480 2350 cum
496 2290 681 2352 adversarios
697 2299 871 2370 premerent
885 2296 1000 2362 acrius,
1020 2302 1148 2371 repente
1161 2295 1196 2356 iu
1211 2314 1262 2357 eas

143 2395 211 2438 vasa
231 2375 347 2448 fictilia,
370 2377 408 2435 de
428 2373 537 2451 quibus
556 2392 648 2452 supra
668 2377 850 2436 mentionem
872 2376 1015 2446 lecimus,
1037 2379 1136 2437 conici
1156 2388 1261 2460 coepta

144 2469 223 2523 suut.
268 2458 351 2530 Quae
375 2461 451 2520 iacta
475 2460 559 2519 initio
586 2461 680 2521 risum
701 2460 902 2539 pugnantibus
922 2464 1124 2530 concitarunt,
1151 2482 1262 2542 neque,

110 2558 129 2610 o
145 2564 239 2626 quare
254 2547 283 2607 id
300 2547 402 2618 lieret,
423 2553 540 2623 poterat
553 2542 695 2623 intellegi
727 2545 886 2624 Postquam
903 2556 1000 2605 autem
1016 2564 1106 2606 nares
1122 2565 1193 2608 suas
1208 2568 1263 2628 op·

143 2631 237 2712 pletas
252 2638 473 2709 conspexerunt
487 2629 690 2708 serpentibus,
706 2647 780 2689 nova
793 2648 827 2690 re
839 2631 1008 2708 perterriti,
1023 2648 1106 2700 cum,
1122 2633 1196 2709 quid
1208 2651 1261 2712 po·

143 2718 288 2778 tissimum
309 2718 452 2786 vitarent,
473 2731 532 2773 non
553 2714 702 2790 viderent,
726 2732 841 2792 puppes
862 2724 1015 2775 verterunt
1035 2733 1129 2794 seque
1150 2717 1188 2778 ad
1210 2736 1263 2778 sua

111 2809 241 2879 acastre
264 2801 380 2860 nautica
400 2797 589 2861 rettulerunt.
619 2799 669 2858 Sic
680 2797 837 2858 Hannibal
859 2798 984 2859 consilio
1004 2818 1086 2860 arma
1102 2801 1263 2879 Pergame-

145 2902 252 2945 norum
272 2883 438 2961 superan't3
460 2898 558 2957 neque
578 2891 641 2942 tum
660 2880 773 2949 solum,
794 2882 846 2942 sed
868 2901 959 2962 saepe
978 2882 1051 2945 alias
1071 2885 1264 2964 pedestribus

145 2969 239 3046 copiis
252 2969 319 3046 pari
334 2964 490 3043 prudentia
506 2964 619 3044 pepulit
633 2966 828 3027 adversarios.

231 3050 281 3114 12.
298 3047 380 3119 Quae
395 3048 504 3110 dumin
517 3052 585 3111 Asia
597 3058 757 3128 geruntur,
773 3050 880 3112 accidit
892 3069 979 3126 casu,
995 3062 1029 3114 ut
1038 3052 1128 3130 legati
1139 3055 1265 3119 Prusiae

144 3138 256 3198 Romae
271 3135 348 3216 apud
364 3135 399 3196 Τ.
412 3132 564 3203 Quintium
575 3134 777 3196 Flamininum
793 3135 983 3197 consularem
998 3146 1158 3208 cenarent,
1172 3148 1266 3218 atque

177 3306 533 3374 magno-praemiasore,
550 3302 679 3369 alsSubj.
728 3319 799 3354 rum.
838 3331 869 3341 -
909 3303 1080 3355 Hannibalis
1117 3314 1266 3375 praesepis

144 3375 262 3443 anginae
279 3373 319 3423 id.
517 3386 521 3392 ·
728 3366 868 3433 ‘nach-’3
886 3388 944 3424 was
962 3372 1007 3423 isar
1024 3373 1068 3424 eiu
1086 3374 1171 3426 Abia

181 3443 241 3503 11,
260 3443 282 3493 1.
297 3446 380 3506 faeta
389 3456 411 3493 s.
421 3455 456 3490 zu
466 3439 501 3502 11,
510 3440 536 3498 ii,
546 3441 676 3507 3proelio
762 3441 817 3491 cim
837 3440 864 3494 b.
881 3434 1051 3510 ‘gervaltiger
1067 3444 1218 3512 Andrsng'.

138 3519 230 3581 sacto.
251 3538 284 3546 -
303 3511 337 3561 ab
356 3508 480 3574 utrisque
497 3508 550 3559 wie
568 3511 590 3575 i,
608 3508 635 3572 7,
650 3513 676 3562 3.
761 3509 906 3578 praesidia
940 3528 998 3563 was
1023 3514 1143 3565 nachber
1167 3522 1265 3568 casua

179 3583 311 3647 Quarum,
322 3579 401 3630 nimi.
410 3577 679 3646 classiumffprius-
728 3580 854 3633 nautica.

143 3668 226 3718 paam
235 3647 499 3701 dareturziebeaum
507 3647 676 3736 Helgenden.
762 3654 786 3701 is.
806 3650 883 3714 Quae
901 3649 977 3701 iacta
994 3645 1053 3702 ‘das
1068 3652 1185 3704 Werien
1199 3654 1266 3706 der·

179 3723 205 3775 3.
218 3718 274 3771 nisi
285 3717 551 3786 quod-pertineret
567 3714 678 3770 diente’.
727 3715 840 3771 selbeu’.

144 3793 200 3845 Der
215 3790 298 3856 Conj.
314 3788 366 3840 wie
381 3787 409 3839 in
424 3788 470 3840 cui
483 3788 640 3840 crederetur
654 3789 677 3854 Ι,
763 3786 791 3841 6.
809 3805 883 3840 aava
899 3804 930 3839 re
947 3804 970 3838 s.
990 3803 1023 3840 su
1042 3788 1117 3853 XIV,
1136 3787 1163 3855 6,
1183 3791 1211 3843 6.

144 3864 171 3929 3,
190 3864 215 3912 2.
241 3858 305 3910 wie
324 3859 426 3910 mdeste
445 3875 474 3910 es
489 3858 530 3910 als
544 3858 677 3910 Gedanlre
762 3865 977 3929 puppesaertere
986 3873 1039 3908 von
1050 3856 1101 3910 der
1108 3856 1205 3912 rinae
1213 3878 1267 3930 ge·

144 3932 193 3985 des
211 3930 347 3982 Eumenes
358 3927 489 3981 beisseni
729 3938 800 3998 sagi,
820 3929 873 3981 wie
891 3944 945 3979 von
963 3927 1162 3998 Laudtruppen
1178 3936 1266 4000 terga

180 4000 275 4065 Gaius,
293 3999 373 4051 nimi.
388 3998 537 4068 epistulae,·
558 3997 679 4050 mirada-
728 4007 841 4052 vertere.

144 4078 200 4135 tur,
218 4069 281 4120 weil
295 4085 325 4120 er
340 4069 397 4121 sich
415 4069 460 4121 die
475 4068 693 4136 Vernulassaug'
764 4077 857 4122 eastra
874 4066 990 4118 nautica
1008 4066 1069 4119 sind
1085 4084 1145 4120 zum
1158 4068 1268 4122 Sabata

145 4139 220 4192 uicbt
246 4138 370 4190 erkla‘aren
397 4139 508 4190 lronnte.
534 4152 570 4178 -·-
591 4155 678 4206 nepus
729 4140 779 4192 der
801 4137 907 4191 Sebiffe
930 4152 972 4188 am
989 4135 1085 4188 bande
1105 4138 1265 4209 angelegte,

143 4207 339 4277 reperiebatur,
356 4208 434 4259 nimi.
449 4203 607 4260 eausa‘und
617 4224 678 4260 meu
729 4209 777 4262 mit
799 4210 954 4274 Besatauug
970 4207 1123 4259 versebeue
1140 4209 1266 4262 Beiesti·

145 4279 185 4332 sie
209 4276 285 4328 nicht
307 4275 429 4340 errieils'3
456 4277 515 4329 also
538 4276 606 4328 eucb
630 4278 676 4329 die
728 4296 852 4349 gangem
871 4276 925 4344 vgl.
946 4275 1007 4340 vii,
1025 4276 1051 4340 8,
1071 4282 1097 4331 5.

144 4350 232 4402 Lente
251 4345 300 4397 des
318 4345 421 4414 liduigs
441 4346 526 4398 nieht.
762 4347 788 4406 i,
805 4347 974 4416 pedestribus
988 4346 1083 4415 capiis,
1101 4347 1136 4399 im
1152 4346 1269 4416 Gegan-

178 4434 236 4471 rtoss
254 4415 393 4468 dubitauit
408 4414 462 4467 wie
480 4420 506 4482 2,
525 4419 552 4465 4.
728 4426 787 4472 sats
806 4435 840 4470 au
857 4416 954 4469 classis
969 4417 1031 4484 VH,
1047 4417 1074 4484 8,
1091 4417 1118 4470 2
1197 4427 1203 4436 ‘

86 4522 93 4535 .
179 4493 206 4541 4.
224 4487 331 4539 Horum
352 4483 508 4553 wiexVfli,
531 4488 559 4551 4,
577 4482 593 4534 l
610 4498 678 4552 puo-
762 4487 820 4551 1¹,
840 4490 862 4540 l.
881 4487 1052 4540 consularem
1077 4504 1101 4544 s.
1128 4502 1164 4539 su
1189 4489 1267 4553 El.
