2744 5056
521 617 554 676 Χ,
573 616 662 671 Dion
678 614 757 672 cnr.
777 623 816 674 1o.
1186 608 1225 672 71

116 798 268 878 strepitus,
294 794 367 855 adeo
389 798 422 853 ut
441 791 573 853 exaudiri
588 792 682 869 possit
696 791 780 853 loris.
810 792 878 862 llic,
901 791 979 855 siout
994 799 1061 854 ente
1077 811 1164 874 saepe
1180 795 1223 856 di·
1242 807 1258 856 5

116 890 193 943 ctum
210 888 268 956 est,
284 895 372 956 quam
387 877 478 938 inviso
492 877 530 936 sit
545 872 706 953 singularis
721 878 854 954 potentia
867 882 896 938 et
906 877 1074 942 miseranda
1087 879 1157 950 vito,
1173 882 1224 960 qui

114 986 145 1028 se
161 967 256 1027 metui
271 980 360 1040 quam
377 961 468 1021 umeri
482 959 610 1027 malunt,
627 961 720 1021 cuivis
734 959 821 1022 facile
832 959 984 1023 intellecto
995 963 1060 1023 luit.
1090 962 1223 1044 Namque
1240 974 1258 1025 6

113 1051 157 1112 ibi
164 1051 259 1128 ipsius
266 1045 412 1114 custodes,
424 1045 450 1105 si
456 1052 592 1122 prompte
600 1045 889 1115 fuissentroluntnte,
902 1046 1019 1109 foribus
1027 1048 1224 1110 effractisser-

113 1151 185 1196 voro
201 1151 268 1195 oum
282 1131 462 1215 potuissent,
478 1128 557 1208 quod
572 1128 616 1189 illi
630 1130 776 1200 inermes,
793 1130 883 1191 tolum
898 1132 972 1193 loris
988 1131 1166 1210 flagitantes,
1182 1136 1225 1194 vi-

115 1236 184 1279 vum
205 1216 352 1278 tenebant.
383 1212 436 1275 Cui
456 1232 523 1274 curn
538 1223 730 1276 succurreret
744 1233 847 1293 nomo,
868 1215 947 1295 Lyco
963 1215 1082 1296 quidam
1097 1217 1224 1296 Syracu·

114 1320 204 1364 senus
218 1318 272 1381 per
287 1301 447 1361 fenestram
463 1298 592 1376 gladium
607 1298 703 1372 dedit,
719 1316 778 1378 quo
794 1299 870 1361 Dion
885 1301 1060 1362 interiectus
1076 1309 1128 1363 est.

200 1385 248 1447 10.
271 1384 409 1446 &niceta
431 1383 537 1460 caede,
560 1401 627 1445 cum
651 1383 807 1445 multitudo
831 1385 944 1446 visendi
959 1386 1052 1463 gretia
1064 1387 1224 1466 introisset,

113 1469 249 1532 nonnulli
264 1468 300 1530 ab
312 1469 415 1530 insciis
430 1485 485 1547 pro
501 1469 597 1528 noxiis
613 1469 820 1530 conciduntur.
850 1469 924 1531 Nom
939 1469 1030 1532 celeri
1045 1488 1167 1532 rumore
1181 1472 1225 1532 di·

112 1554 170 1616 lato
191 1553 278 1615 Dioni
304 1554 363 1613 vim
391 1551 523 1629 allatam,
551 1551 637 1613 multi
655 1562 882 1623 concurrerant,
910 1553 1017 1632 quitos
1034 1554 1091 1616 tole
1111 1557 1225 1620 focinus

113 1638 299 1719 displicebat.
328 1637 365 1698 lli
380 1636 453 1698 falso
468 1637 639 1715 suspicione
655 1636 737 1698 ducti
753 1639 944 1700 immerentes
959 1647 991 1699 ut
1003 1639 1164 1702 sceleratos
1176 1660 1226 1702 oc·

113 1724 223 1786 oidunt.
253 1723 347 1783 Huius
362 1722 399 1782 de
414 1728 509 1782 morte
525 1728 558 1782 ut
571 1720 669 1800 polam
684 1721 794 1783 lectum
810 1730 869 1793 est,
885 1723 1060 1785 mirabiliter
1071 1724 1150 1802 vulgi
1161 1744 1225 1788 mn·
1243 1736 1261 1785 2

112 1817 171 1870 tota
187 1817 232 1870 est
246 1807 388 1868 voluntas.
417 1804 490 1866 Nom
506 1808 557 1885 qui
574 1807 671 1866 rivum
687 1825 754 1868 eum
766 1814 922 1886 tyrannum
934 1810 1112 1883 vocitarent,
1128 1811 1225 1872 eidem

112 1892 303 1954 liberatorem
327 1891 439 1968 petrino
460 1892 636 1969 tyrannique
658 1891 845 1970 expulsorem
862 1891 1082 1971 praedicebant.
1113 1894 1162 1956 Sic
1177 1914 1226 1957 sn·

112 1978 176 2038 bito
191 1975 397 2038 misericordia
413 1974 481 2035 odio
497 1983 699 2045 successerat,
719 1983 751 2037 ut
767 1994 833 2038 eum
849 1994 903 2038 suo
919 1978 1063 2054 sunguine
1079 1977 1115 2038 eh
1131 1979 1227 2041 Ache·

111 2069 219 2130 eunte,
236 2063 261 2120 sl
275 2067 412 2138 possent,
428 2067 573 2139 cuperent
586 2060 745 2124 redimere.
776 2060 878 2140 ltaque
893 2063 924 2121 in
940 2060 1015 2124 urbe
1027 2060 1222 2126 celeberrimo
1240 2074 1257 2127 3

111 2146 196 2219 loco,
215 2144 307 2206 clatus
323 2142 462 2223 publico.
474 2143 605 2223 sepulcri
620 2153 811 2206 monumento
827 2146 953 2208 donatus
969 2154 1021 2209 ost.
1051 2146 1134 2210 Diem
1150 2149 1224 2211 obiit
1237 2162 1278 2207 stc

113 2231 234 2292 circiter
255 2246 348 2289 annos
364 2228 412 2289 LV
435 2237 536 2306 notus,
557 2236 695 2308 quartum
717 2237 784 2308 post
799 2247 909 2290 annum
924 2248 1013 2311 mem
1028 2250 1064 2292 ex
1079 2232 1226 2314 Pelopon·

111 2332 184 2377 noso
200 2316 232 2374 in
248 2311 377 2375 Siciliam
391 2313 531 2373 redierat.

146 2533 172 2583 5.
183 2532 238 2583 Hic
247 2530 300 2582 wie
309 2531 360 2582 lton
369 2530 428 2580 loon
439 2530 486 2595 lV,
495 2533 523 2593 4,
532 2529 558 2584 3.
730 2531 873 2584 uoluntate
883 2532 935 2584 wie
945 2535 970 2599 7,
981 2535 1052 2586 3.-

146 2619 236 2670 “W-
264 2599 430 2651 S⁰W⁰itwif
439 2598 643 2651 daswefkdefl
729 2619 814 2669 telum
832 2634 854 2670 s.
865 2634 901 2670 nn
918 2619 1046 2672 subolere
1064 2619 1147 2670 telum
1164 2619 1218 2672 Vll

111 2670 209 2741 Nepos
220 2670 353 2736 besitmn,
371 2668 645 2737 geschichtdiesnnr
697 2689 730 2740 10
750 2690 775 2740 5·
1219 2659 1227 2687 '

111 2740 147 2806 X,
159 2746 184 2805 t,
194 2744 225 2804 33
245 2740 289 2792 die
308 2739 411 2792 andern
422 2738 526 2792 Stellen
537 2739 644 2792 noussen
731 2727 739 2751 '

111 2810 170 2864 also
191 2811 218 2863 in
240 2810 291 2862 den
320 2810 446 2862 vorloren
466 2824 644 2878 gogangenen

110 2881 237 2933 Buchern
247 2880 397 2949 gestenden
407 2879 505 2931 haben.

147 2951 291 3003 inviserit.
310 2950 355 3002 dle
366 2950 452 3018 Regel
461 2947 647 3001 sordentessot

111 3037 134 3071 s.
144 3037 178 3074 zu
189 3020 248 3084 Vll,
264 3025 286 3084 l,
300 3025 321 3071 l.
333 3047 366 3058 -
380 3017 537 3088 singularis
547 3024 647 3087 poten-

110 3090 153 3142 tia
186 3086 241 3141 ‘die
276 3082 543 3150 Alleinlrerrschsft’3
587 3087 646 3138 uita

109 3160 246 3229 (eorum),
256 3159 303 3223 poti
312 3175 372 3209 suu
381 3157 557 3221 conueniunt,
566 3157 647 3209 euius

109 3233 137 3295 8,
156 3232 183 3279 4.
219 3227 270 3278 Die
290 3227 473 3296 Weglsssung
493 3241 547 3277 von
567 3226 592 3278 is
609 3227 647 3279 ist
733 3227 759 3276 2.
778 3230 809 3274 ut
824 3223 919 3292 palem
922 3227 1034 3291 sactum
1044 3229 1091 3288 est,
1111 3219 1227 3275 ‘alesich

109 3298 209 3363 selten,
221 3312 317 3349 ausser
327 3313 405 3348 wesn
417 3314 447 3348 es
454 3297 481 3348 in
489 3295 645 3348 demselben
698 3292 743 3344 die
752 3293 850 3345 Kunde
861 3294 1014 3346 verbreitet
1023 3285 1117 3346 hutts'.

109 3369 199 3452 (lusus
219 3366 272 3419 wie
284 3365 334 3418 dns
344 3365 646 3418 RelativoderirnNo-
733 3378 779 3430 310
797 3379 897 3448 gehfjrp
914 3380 990 3434 nicht
1007 3397 1040 3432 ,ῃ
1058 3380 1230 3449 mpttmon.

109 3455 174 3490 min.
185 3435 253 3488 oder
262 3436 359 3488 Aecus.
370 3437 465 3488 stehen
477 3434 566 3488 sollte.
698 3447 765 3501 dem
775 3464 809 3503 zu
818 3458 995 3518 successerat,
1006 3451 1060 3520 ogi,
1070 3455 1096 3514 4,
1105 3453 1131 3503 2.

127 3507 231 3592 ,ΨΜ
248 3506 562 3574 quamm'imlm'
584 3504 645 3556 Viel
730 3528 780 3588 suo
801 3537 856 3590 'mit
871 3535 1037 3592 Nnohdruck
1058 3537 1111 3590 wie
1130 3539 1157 3591 in
1177 3552 1229 3587 sua

110 3584 205 3630 ortnert
222 3576 317 3628 wurde
327 3577 376 3628 dss
388 3577 470 3628 Wort
484 3576 534 3628 des
543 3577 644 3628 Atreus
695 3607 830 3658 modestia
838 3609 861 3674 I,
873 3611 896 3674 h
910 3615 933 3661 l·
944 3610 1130 3675 -Ackemm’
1140 3605 1227 3657 ihm

84 3656 160 3700 'aus
180 3646 231 3698 der
269 3646 409 3698 leichnsm‘
432 3663 464 3698 en
487 3646 528 3698 Tr
565 3644 645 3697 oedie
801 3678 813 3689 κ

108 3717 159 3769 des
169 3664 282 3768 Accinge:
298 3665 500 3783 odetnffdem
509 3662 651 3773 maftuant„
695 3675 776 3798 gg?
786 3677 830 3729 fur
839 3679 974 3744 ‘mmm
984 3679 1063 3731 ΠΝ
1070 3677 1228 3730 derUmer'

143 3788 172 3841 t.
191 3786 278 3855 ipsius
293 3788 420 3839 custodes
438 3785 498 3838 sind
509 3784 644 3839 natiirlich
762 3784 769 3797 ⁰

110 3856 186 3909 nicht
200 3856 245 3908 die
257 3873 308 3909 von
319 3857 480 3910 Callicrates
499 3855 527 3924 (ξ
538 3856 564 3920 l)
584 3855 644 3908 auf·
728 3846 754 3902 3.
774 3850 947 3902 celeberrimo
966 3840 1178 3901 ‘sehrbesucht’.
1193 3879 1228 3888 -

108 3926 257 3995 gestellteu
284 3925 424 3989 Wfichtem
453 3925 571 3978 sondern
599 3923 643 3975 die
692 3914 801 3984 publice
810 3919 895 3989 litt,
906 3925 932 3977 3.

109 3994 643 4065 Wsshenim,lnnsrn(disLsibwache),
730 3986 801 4038 ditm
829 3990 896 4041 obiit
921 4012 947 4038 =
974 3987 1046 4040 diem
1071 4003 1227 4056 supremum

109 4065 194 4118 deren
204 4066 431 4119 Vorhandenssin
446 4065 483 4118 Ν.
495 4063 644 4118 slsselbst·
695 4055 763 4109 θῦἶὶΐ
781 4058 842 4128 VH>
864 4062 902 4124 10,
922 4057 948 4112 5·
985 4057 1100 4112 Ebessda
1118 4077 1140 4113 θ·
1160 4057 1230 4109 fiber

108 4135 297 4188 verstindlich
324 4136 400 4188 nicht
427 4136 578 4188 besonders
600 4151 643 4185 er·
695 4134 788 4180 natur·

108 4205 202 4259 wfihnt
210 4206 268 4258 hot.
729 4199 852 4254 redierat
861 4217 883 4254 s.
897 4216 931 4253 zu
941 4199 990 4270 ΙΙΙ,
1002 4201 1027 4265 3,
1038 4202 1063 4255 3.

731 2774 784 2826 eut
793 2774 894 2842 lenriple
906 2791 939 2826 an
949 2774 1002 2826 wie
1011 2771 1038 2842 3,
1049 2774 1065 2827 3
1075 2792 1092 2825 α
1102 2790 1165 2841 pua.

731 2910 793 2974 1⁰,
804 2911 829 2962 1.
848 2911 882 2961 nl
892 2909 997 2977 inseiis,
1010 2910 1055 2963 die
1064 2911 1228 2982 Bedentung

698 2979 787 3033 ersioh
798 2997 846 3032 aus
856 2980 973 3032 consciis
977 2981 1118 3047 facinoris
1127 2985 1153 3049 9,
1164 2986 1187 3036 l.

732 3049 814 3101 celeri
824 3068 845 3103 s.
856 3067 890 3102 zu
899 3050 984 3120 gravi
994 3055 1019 3117 2,
1028 3056 1054 3103 4.

730 3124 762 3172 ut
769 3121 915 3172 sceleratos
925 3117 973 3172 ‘als
983 3120 1028 3172 die
1037 3113 1229 3175 Verbrecher'.

568 4392 771 4402 ...ῳ-*ω-
