2744 5056
444 603 545 664 xxm,
566 603 912 674 muniendorum.
1176 591 1237 657 151

208 775 257 838 10.
270 777 321 837 Sic
334 778 517 838 conservatis
531 777 592 837 suis
604 776 696 839 rebus
704 778 830 855 Poenus,
844 777 938 839 illusis
945 777 1237 841 Cretensibusomni-

115 861 191 941 bus,
216 860 253 921 ad
269 860 408 922 Prusiam
430 862 461 920 in
483 861 609 922 Pontum
631 864 774 940 pervenit.
804 863 888 941 dpud
913 880 1001 941 quem
1018 864 1121 925 codem
1137 865 1236 925 animo

117 946 173 1007 luit
199 963 269 1023 erga
285 944 400 1007 ltaliam
415 962 513 1023 noque
529 945 609 1006 aliud
626 948 785 1025 quicquam
803 949 876 1023 egit,
893 964 982 1026 quam
998 966 1099 1026 regem
1115 949 1237 1008 armavit

112 1039 145 1091 ct
169 1032 303 1092 exercuit
319 1029 460 1091 adversus
476 1029 635 1092 Romanos.
668 1028 760 1100 Quem
777 1048 845 1092 cum
861 1031 973 1093 videret
987 1032 1156 1094 domesticis
1171 1034 1234 1111 opi·
1252 1044 1270 1093 2

116 1113 174 1176 bus
195 1115 293 1175 minus
315 1132 381 1175 csse
402 1113 572 1190 robustum,
595 1114 774 1177 conciliabat
794 1125 911 1178 ceteros
933 1134 1035 1192 reges,
1058 1116 1237 1194 adiungebat

116 1197 276 1260 bellicosas
297 1199 445 1260 nationes.
477 1198 643 1260 Dissidebat
663 1198 700 1259 ab
724 1218 758 1260 eo
780 1199 981 1276 Pergamenus
1003 1219 1056 1262 rex
1077 1201 1235 1278 Eumenes

115 1283 259 1344 Romanis
280 1284 490 1352 amicissimus,
515 1282 687 1361 bellumque
708 1285 785 1344 inter
809 1303 861 1344 eos
882 1284 1042 1361 gerebatur
1063 1293 1093 1347 et
1112 1283 1187 1346 mari
1208 1292 1238 1347 et

115 1376 213 1441 terra,
236 1383 295 1444 quo
318 1368 412 1444 magis
428 1366 568 1446 cupiebat
584 1386 650 1428 eum
667 1367 815 1429 Hannibal
830 1372 971 1446 opprimi.
1004 1369 1061 1430 Sed
1078 1370 1271 1449 utrobiqucd

115 1451 265 1512 Eumenes
286 1451 353 1530 plus
374 1450 489 1512 valebat
510 1457 634 1532 propter
654 1451 856 1513 Romanorum
878 1455 1059 1515 societatem.
1096 1452 1188 1524 Quem
1211 1455 1237 1514 si

115 1537 308 1604 removisset,
331 1534 464 1596 faciliora
480 1535 537 1596 sibi
554 1544 653 1597 cetera
668 1537 733 1597 iore
749 1535 958 1599 arbitrabatur.
991 1538 1033 1598 dd
1049 1537 1129 1598 hunc
1143 1540 1235 1599 inter·

112 1619 278 1680 ficiundum
295 1619 384 1681 talem
400 1621 467 1679 iniit
482 1622 638 1681 rationem.
677 1620 894 1699 Classe-paucis
910 1621 1015 1683 diebus
1031 1632 1116 1683 crant
1131 1623 1235 1684 decre·
1251 1635 1270 1685 4

113 1706 183 1765 turi.
215 1703 420 1783 Superabatur
436 1707 555 1765 navium
568 1703 770 1772 multitudinet
795 1702 862 1765 dolo
876 1715 940 1767 crat
951 1706 1152 1785 pugnandum,
1169 1725 1235 1767 oum

112 1806 168 1867 par
183 1806 245 1848 non
277 1797 353 1850 essct
374 1790 473 1848 armis.
503 1789 662 1867 Imperavit
677 1806 765 1868 quam
781 1787 924 1867 plurimas
940 1798 1098 1851 venenatas
1113 1810 1235 1871 serpen·

113 1881 158 1934 tes
182 1874 260 1934 vivas
282 1871 382 1951 colligi
400 1891 509 1953 easque
524 1874 553 1933 in
571 1891 638 1934 vasa
653 1873 755 1934 fictilia
771 1872 876 1935 conici.
908 1874 1021 1934 Harum
1037 1893 1104 1935 cum
1121 1875 1234 1936 effecis·
1251 1884 1269 1936 o

113 1964 160 2018 set
175 1975 312 2034 magnam
327 1955 557 2027 multitudinem,
575 1957 622 2018 die
637 1959 713 2037 ipso,
730 1976 788 2036 quo
803 1958 936 2019 iacturas
953 1967 1017 2020 erat
1030 1958 1135 2020 navale
1147 1977 1235 2039 proc·

113 2040 202 2111 lium,
225 2038 394 2103 classiarios
411 2051 554 2101 convocat
568 2042 664 2121 iisque
678 2042 837 2122 praecipit,
860 2060 964 2104 omnes
979 2052 1011 2104 ut
1026 2046 1057 2103 in
1072 2060 1161 2103 unam
1178 2043 1235 2104 Eu·

115 2127 210 2187 menis
230 2128 309 2203 regis
331 2137 510 2186 concurrant
531 2144 652 2197 navem,
674 2145 690 2186 a
713 2128 821 2188 ceteris
842 2135 955 2188 tautum
973 2129 1044 2189 satis
1060 2126 1190 2189 babeant
1204 2147 1237 2190 sc

112 2209 284 2272 defendere.
327 2209 358 2270 ld
386 2208 453 2270 illos
482 2210 570 2270 facile
593 2212 776 2289 serpentium
799 2211 988 2272 multitudine
1012 2222 1236 2280 consecuturos,

112 2293 176 2357 Rex
192 2303 291 2356 autern
308 2296 337 2353 in
354 2313 410 2373 qua
428 2311 502 2356 nave
521 2295 695 2371 veheretur,
711 2303 744 2356 ut
758 2297 885 2366 scirent,
903 2314 936 2356 se
952 2297 1110 2364 iacturum.
1141 2293 1236 2364 Quem
1252 2305 1270 2359 d

147 2460 649 2524 1⁰,1.ccmeroatisltseauf=etc
736 2461 819 2512 talem
852 2460 905 2512 wie
936 2461 960 2521 9,
989 2463 1015 2514 3.
1043 2490 1072 2502 -
1099 2462 1236 2515 rationem

109 2546 179 2583 euos
194 2545 236 2581 res
253 2529 426 2583 conseruauit
440 2537 466 2582 et
478 2530 612 2600 peruenit.
701 2530 773 2582 inire
793 2523 847 2580 ‘ein
865 2528 958 2580 Mittel
977 2532 1130 2599 erga-cisen,
1158 2533 1234 2584 einen

146 2599 256 2652 Poenus
271 2601 341 2652 wird
354 2599 414 2652 bier
429 2599 566 2653 Hannibal
575 2601 651 2652 nicbt
700 2593 971 2668 Wegeinscblageo’.

111 2669 183 2721 olma
200 2669 316 2723 Absicbt
333 2676 470 2736 genennt,
489 2669 524 2722 da
540 2670 647 2722 disPu-
733 2673 759 2720 4.
778 2675 858 2721 erant
876 2667 1028 2734 decreturi,
1048 2668 1097 2721 das
1115 2671 1166 2728 fut,
1187 2686 1236 2738 pe·

111 2739 173 2791 nior
187 2737 394 2793 liubesonders
405 2739 498 2792 schlau
508 2741 560 2791 und
573 2740 648 2810 listig
679 2750 682 2755 '
698 2739 785 2808 ripbr.
802 2738 841 2790 ist
858 2741 900 2790 cit
913 2739 961 2791 mit
981 2734 1024 2789 ‘im
1035 2739 1150 2809 Begriff,
1165 2738 1236 2801 Wil-

107 2808 214 2876 gslten.
249 2810 278 2862 ln
293 2810 425 2879 gleicbem
439 2809 512 2863 Rufe
529 2810 646 2863 standen
696 2809 756 2862 lens
784 2803 851 2860 sain'
874 2807 1113 2876 wiederzugeben.
1144 2809 1235 2861 Eben-

110 2879 156 2930 die
173 2877 283 2933 Kreter.
699 2896 729 2930 so
748 2877 764 2938 5
782 2881 797 2930 5
811 2883 945 2946 facturus
964 2886 1032 2930 erat.

144 2945 646 3017 PrusiaswarKiinigvonBithynien,
732 2947 811 3000 vivae
831 2948 909 2999 ziebe
924 2966 957 3000 zu
974 2948 1085 3017 colligi,
1105 2963 1128 3002 s.
1143 2962 1177 2997 zu
1189 2964 1233 2998 re-

108 3017 145 3069 im
163 3015 277 3069 Norden
295 3034 348 3070 von
369 3017 534 3070 Kleinasien.
696 3018 813 3085 pentina
830 3017 891 3083 Vll,
909 3020 935 3083 3,
953 3017 980 3070 3.

145 3103 216 3156 erga
233 3086 287 3138 wie
309 3093 331 3152 l,
350 3088 376 3140 3.
687 3103 689 3106 ·
732 3087 757 3139 5.
777 3085 910 3156 effecisset
926 3102 1061 3156 magnam
1078 3082 1235 3134 multitudi-

144 3172 231 3224 neque
246 3155 326 3210 aliud
340 3156 487 3224 quicquam
497 3156 556 3225 egit
566 3173 647 3223 quom
700 3171 762 3207 nem
786 3175 809 3208 s.
828 3172 862 3206 zu
880 3155 941 3221 XV,
961 3157 986 3218 3,
1006 3158 1023 3208 d
1042 3170 1103 3205 cum
1115 3156 1234 3218 fecerat.

109 3241 182 3278 stu
206 3223 254 3293 Vl,
271 3230 328 3292 1,4
357 3227 429 3279 nibil
445 3226 524 3278 aliud
539 3227 649 3278 molitus
701 3232 870 3278 concurrunt
893 3224 946 3276 wis
973 3223 1074 3289 XVlll,
1099 3223 1125 3288 3,
1147 3223 1159 3272 l
1179 3237 1235 3272 om-

111 3303 151 3348 est
169 3311 260 3363 quam.
700 3312 749 3348 nes
781 3301 982 3347 concurrerunt
1012 3293 1051 3343 ad
1076 3289 1237 3344 Perdiccam

106 3365 652 3488 erzffizpihagrgpnogrbgpv&eggreprgrffldui
698 3366 980 3503 opprzrptzppsugrghffl
996 3448 1029 3484 zu
1038 3448 1067 3484 se
1079 3431 1237 3498 defendere,

109 3506 165 3557 und
182 3503 249 3557 nite
264 3503 317 3555 ibm
334 3502 456 3555 dieselbe
473 3504 507 3555 im
521 3505 647 3574 Kampfe.
698 3507 754 3575 vgl.
776 3505 938 3559 custodiunt
957 3520 974 3554 o
987 3504 1013 3568 9,
1029 3508 1055 3555 4.
1078 3502 1135 3553 Der
1149 3517 1236 3569 gance

144 3580 170 3628 i.
189 3572 345 3626 domesticis
359 3568 558 3642 opibus‘durcb
570 3575 647 3628 seins
699 3577 767 3629 Satz
793 3576 877 3645 bdngt
894 3573 964 3625 noch
983 3585 1035 3622 von
1055 3579 1087 3623 ut
1105 3571 1148 3625 ab.
1180 3570 1236 3622 Das

110 3638 489 3712 beimisclre,eigenelllacbt'.
508 3645 647 3698 Zuminua
698 3646 858 3712 Asyndeton
884 3644 923 3695 ist
940 3641 1009 3694 aucb
1028 3640 1063 3691 irn
1089 3641 1123 3692 D.
1142 3640 1238 3691 beien-

110 3715 163 3782 vgl.
179 3712 215 3780 11,
237 3715 261 3779 l,
281 3718 297 3765 2
314 3714 406 3766 minus
422 3715 566 3782 probatur.
698 3715 843 3780 bebalten,
868 3729 948 3764 wenn
972 3709 1148 3791 Gegensitrs
1172 3709 1235 3792 bef-

145 3782 353 3835 conciliabat-
366 3784 540 3853 adiungebat
569 3784 649 3838 nimi.
699 3779 1235 3839 vorzubebensind-sotrsbobeantwrs

109 3851 169 3921 illi,
190 3852 245 3920 vgl.
260 3851 370 3907 tolleret
382 3853 437 3907 und
453 3855 564 3906 duceret
578 3856 605 3922 9,
620 3859 646 3907 4.
699 3855 759 3918 XV,
769 3858 794 3921 4,
808 3859 824 3907 b
840 3869 927 3919 neque
937 3865 1001 3901 cero
1011 3847 1118 3899 illectis
1128 3848 1234 3900 babuit.

110 3929 257 3975 -ceteros
275 3941 370 3993 reges,
389 3941 442 3976 von
462 3924 630 3987 Kleinasien.
735 3923 798 3976 illos
827 3951 861 3961 -
893 3927 1100 3979 consecuturos,
1135 3934 1234 3970 wovon

145 3992 244 4060 abeo,
262 3993 376 4046 Prusia.
700 3994 786 4062 biugt
802 3991 852 4043 der
868 4006 958 4042 accus.
979 4006 1001 4040 c.
1018 3988 1067 4044 inf.
1083 3987 1145 4039 ab?
1163 4005 1186 4041 s.
1201 3989 1246 4042 zu'

145 4077 198 4130 quo
222 4064 316 4132 magis
337 4086 364 4110 =
383 4079 413 4114 eo
436 4063 530 4133 magia
556 4063 648 4132 igitur
699 4064 722 4128 Ι,
745 4067 768 4126 i,
788 4061 953 4131 Sprosperu
965 4062 1080 4127 futuru.

108 4145 132 4180 s·
152 4148 186 4184 zu
207 4133 286 4185 cuius
303 4134 417 4203 generis
439 4134 461 4199 1,
480 4136 506 4200 i,
526 4135 551 4183 2.
734 4130 758 4184 6.
777 4133 839 4184 nea
856 4138 947 4183 autem
965 4159 1000 4168 —
1010 4133 1172 4196 sucturum,
1188 4131 1236 4181 be-

142 4201 168 4254 3.
186 4203 330 4270 utrobique
344 4203 459 4255 beziebe
473 4205 522 4255 aui
534 4209 560 4255 et
576 4203 650 4254 mari
701 4203 781 4254 acbte
796 4201 841 4254 die
856 4199 1083 4254 nacbdm‘rclrlicbe
1100 4197 1195 4250 Wort-
1208 4213 1234 4253 u.

110 4273 222 4323 etterro
243 4268 312 4326 ‘nter
331 4273 384 4327 wie
406 4272 486 4328 dort’.
700 4272 867 4324 Satzstellun
894 4311 901 4339 ‚
923 4271 967 4323 die
989 4269 1057 4321 aucb
1077 4268 1112 4318 im
1128 4268 1235 4320 1).δοί-

143 4342 301 4397 remooiseet
316 4343 405 4397 soviel
419 4344 460 4396 als
480 4341 646 4408 sustulisset,
697 4343 860 4395 rubebalten
875 4347 922 4394 1st.
933 4339 1007 4391 —in
1022 4355 1075 4406 quo
1085 4351 1165 4402 naue,
1177 4352 1236 4389 wa-

107 4409 162 4476 vgl.
181 4413 216 4479 X,
234 4415 259 4478 t,
280 4415 305 4470 1.
698 4429 755 4464 rum
774 4412 850 4465 nicht
868 4412 942 4464 bloss
962 4426 1017 4477 quo
1034 4406 1124 4459 nave?
