2744 5056
451 652 551 710 XXIII.
569 651 762 707 HANNIBAL
781 650 856 706 CAP.
876 657 901 707 6.
1176 637 1236 702 147

113 829 151 890 ll.
177 827 341 888 Minucium
362 826 487 903 Rufum,
508 827 682 902 magistrum
704 827 837 903 equitum
857 826 923 904 pari
938 843 972 886 ac
989 825 1164 887 dictatorem
1178 828 1234 886 im·

113 915 216 992 perio,
246 910 314 971 dolo
342 911 521 989 productum
541 913 572 969 in
593 909 742 989 proelium
762 911 880 984 fugavit.
919 909 1071 971 Tiberium
1093 912 1234 988 Sempro-

113 998 197 1057 nium
220 994 401 1064 Gracchum,
423 995 531 1055 iterum
554 994 724 1064 consulem,
746 997 777 1054 in
798 994 926 1055 Lucanis
943 992 1051 1055 absens
1066 997 1097 1054 in
1113 996 1234 1056 insidias
1247 1008 1287 1049 ²¹²

113 1081 269 1141 inductum
288 1077 416 1140 sustulit.
453 1079 491 1140 Μ.
513 1078 667 1140 Claudium
688 1077 875 1147 Marcellum,
897 1080 1055 1156 quinquies
1071 1079 1287 1149 consciamne

114 1165 194 1246 apud
214 1165 371 1225 Venusiam
394 1165 460 1242 pari
483 1164 572 1223 modo
593 1164 753 1224 interfecit.
786 1161 921 1240 Longum
937 1172 981 1224 est
997 1165 1094 1223 omnia
1112 1182 1233 1225 enume·
1251 1178 1269 1224 4

115 1268 185 1310 rare
206 1247 327 1327 proelia.
365 1245 473 1316 Quare*
485 1265 576 1307 unum
598 1245 656 1307 hoc
670 1249 740 1307 satis
756 1248 812 1307 erit
828 1246 953 1322 dictum,
976 1267 1011 1308 ex
1028 1265 1086 1325 quo
1103 1247 1236 1325 intellegi

114 1334 223 1412 possit,
247 1339 374 1410 quantus
390 1330 441 1392 ille
457 1331 562 1393 luerit:
585 1332 725 1408 quamdiu
738 1333 772 1390 in
788 1331 869 1391 ltalia
887 1331 958 1407 luit,
975 1348 1063 1392 nemo
1083 1333 1109 1392 ei
1124 1335 1155 1391 in
1171 1334 1234 1392 acie

112 1418 238 1492 restitit,
260 1433 347 1477 nemo
371 1416 511 1476 adversus
533 1434 601 1476 eum
623 1425 692 1494 post
713 1415 899 1477 Cannensem
923 1434 1053 1494 pugnam
1075 1419 1105 1476 in
1129 1434 1233 1495 campo

115 1509 211 1564 castra
226 1503 335 1579 posuit.

200 1584 227 1647 6.
249 1585 325 1644 Hinc
340 1586 467 1645 invictus
482 1586 609 1662 patriam
620 1584 775 1644 defensum
787 1593 943 1645 revocatus
952 1582 1066 1646 bellum
1079 1587 1169 1662 gessit
1181 1585 1231 1645 ad-

113 1688 217 1732 versus
234 1669 266 1729 P.
284 1669 464 1747 Scipionem,
481 1668 574 1728 lilium
594 1671 657 1729 eius
674 1669 838 1747 Scipionis,
855 1686 943 1746 quem
959 1671 1024 1747 ipse
1040 1672 1136 1749 primo
1153 1669 1231 1748 apud
1247 1681 1288 1723 20³

112 1753 301 1831 Rhodanum,
318 1756 427 1813 iterum
439 1752 518 1831 apud
530 1752 652 1819 Padum.
669 1755 756 1814 tertio
768 1753 846 1831 apud
858 1753 997 1813 Trebiam
1010 1755 1134 1830 fugarat.
1158 1757 1231 1815 tium
1251 1765 1268 1811 2

113 1838 186 1908 hoc,
212 1837 360 1898 exhaustis
381 1840 438 1897 iam
459 1839 572 1915 patriae
593 1835 799 1906 facultatibus,
821 1839 933 1915 cupivit
954 1839 1232 1915 impraesentiarum

115 1921 228 1983 bellum
244 1939 442 2000 componere,
461 1939 518 1998 quo
535 1920 680 1983 valentior
695 1930 798 1999 postea
814 1922 1056 1998 congrederetur.
1089 1923 1122 1981 ln
1139 1921 1232 1982 collo·

113 2009 214 2087 quium
243 2009 394 2072 convenit;
430 2006 621 2066 condiciones
648 2024 708 2067 non
730 2015 942 2068 convenerunt.
982 2007 1050 2066 Post
1072 2007 1102 2066 id
1123 2007 1232 2067 iactum
1252 2017 1267 2066 3

112 2094 217 2169 paucis
239 2088 343 2150 diebus
364 2090 443 2168 apud
465 2089 583 2150 Zamam
599 2108 667 2151 cum
684 2091 788 2151 eodem
805 2091 950 2151 conflixit:
974 2090 1076 2169 pulsus
1094 2092 1231 2171 (incredi-
1247 2105 1289 2144 roa

112 2173 173 2235 bile
190 2172 280 2246 dictu)
301 2173 391 2234 biduo
414 2183 443 2234 et
463 2173 577 2234 duabus
598 2171 736 2235 noctibus
751 2174 964 2236 Hadrumetum
980 2177 1131 2254 pervenit,
1153 2175 1232 2255 quod

145 2359 313 2426 magistrum
331 2357 453 2424 equitum
470 2357 535 2425 puri
555 2375 588 2408 uc
607 2358 651 2407 di·
734 2357 799 2425 pari
811 2357 891 2408 modo
902 2356 928 2407 d.
941 2359 958 2408 i.
975 2358 1005 2409 in
1018 2358 1135 2410 insidiae
1149 2359 1232 2410 indu-

112 2435 244 2480 ctotorem
262 2428 375 2495 irnperio
387 2427 414 2481 d.
425 2427 444 2478 i.
453 2428 518 2494 pari
536 2427 649 2495 imperio
701 2434 784 2479 otum.

113 2497 358 2564 acdictatorfuit3
374 2513 431 2548 was
450 2496 494 2548 fiir
512 2497 555 2547 ein
566 2497 650 2549 Abla·
737 2502 763 2549 i.
782 2498 912 2568 Longum
931 2504 978 2549 est·
994 2504 1057 2584 sagt
1075 2499 1125 2550 der
1141 2499 1237 2550 Latei-

90 2568 176 2623 div?
218 2567 305 2620 Soust
329 2567 410 2618 stand
438 2566 488 2617 der
515 2567 650 2635 magister
701 2583 763 2626 ner,
795 2584 837 2618 wo
862 2567 914 2618 wir
933 2585 1015 2636 sagen
1043 2585 1072 2620 es
1090 2568 1185 2620 wiirde
1202 2585 1237 2620 zu
1268 2578 1272 2586 '

112 2638 234 2705 equitum
257 2637 297 2688 als
319 2636 433 2687 zweiter
451 2636 650 2689 Belehlababer
702 2631 937 2706 weitliuligsein'.

113 2705 651 2769 unterdemDictator3damalsaherwar
735 2723 769 2757 ex
782 2723 835 2772 quo
851 2734 886 2745 -
894 2707 981 2774 possit
998 2703 1049 2759 ‘um
1067 2706 1167 2758 daraus
1184 2701 1235 2758 -'.

112 2777 247 2830 Minumus
257 2776 317 2827 dem
326 2776 429 2828 Fabius
436 2777 470 2827 im
478 2776 650 2828 Oberhalebl
736 2777 868 2829 adoneus
878 2794 938 2829 eum
949 2773 1010 2829 ‘ihm
1020 2773 1196 2847 geganiiber’.

111 2845 651 2916 gleichgeatellt,weilmanmitdealetz-
737 2844 781 2906 0,
803 2851 825 2899 Ι.
846 2847 990 2914 defensura
1008 2866 1029 2900 s.
1047 2864 1081 2899 zu
1100 2845 1234 2899 delibera-

112 2926 193 2970 taren
206 2914 585 2984 adgernderKriegsfiibrung
594 2919 650 2968 An·
700 2921 759 2965 tum
768 2914 789 2976 l,
802 2920 827 2979 i,
841 2921 866 2969 2.

112 2990 192 3053 langa
206 2984 280 3037 nicht
290 2985 500 3037 einverstanden
513 3003 580 3045 war,
737 2986 870 3038 adversus
883 2987 914 3037 P.
926 2987 1097 3055 Scipionem,
1109 2987 1158 3038 der
1168 2987 1235 3038 voll-

145 3054 328 3123 puniceam
342 3054 415 3121 XlV,
426 3058 451 3120 3,
462 3059 488 3107 5.
701 3052 827 3123 stindige
848 3056 934 3108 Name
960 3073 1019 3108 war
1043 3057 1075 3107 P.
1092 3057 1236 3108 Cornelius

146 3125 300 3195 producere
326 3124 386 3174 hier
418 3119 647 3185 ‘hervorloclten’3
703 3124 809 3191 Scipio,
829 3141 906 3175 wazu
927 3127 995 3177 nach
1014 3126 1064 3178 der
1082 3126 1237 3193 Besiegung

113 3195 184 3247 a'ihnl.
201 3193 483 3247 nachherinductum.
501 3193 650 3244 DieParti-
702 3193 751 3245 des
776 3194 914 3246 Hannibal
939 3196 1009 3246 noch
1037 3196 1088 3247 der
1108 3196 1236 3249 Boiname

113 3264 184 3333 clpia
194 3263 307 3316 liiseaul
312 3261 395 3328 wiel,
404 3264 649 3316 Scircomventum.

147 3333 397 3386 iterumconaulem
415 3335 451 3401 (a.
472 3349 505 3383 zu
522 3332 572 3398 111,
592 3339 617 3397 ’2,
636 3338 647 3384 l

108 3420 214 3473 pugna
231 3404 308 3472 apud
328 3402 500 3467 Salamina),
519 3402 650 3455 verlahre

113 3473 167 3525 wie
181 3474 232 3525 mit
247 3473 335 3543 legati
350 3479 416 3524 ante
424 3489 554 3542 pugnam
564 3473 651 3523 Leuc·

111 3543 212 3595 tricem
231 3541 290 3608 XV,
308 3541 369 3608 6,4.
406 3543 517 3594 Ebenso
530 3542 650 3594 nacbher

149 3613 259 3680 inquies
285 3612 423 3664 consulem
452 3609 511 3664 ‘dar
536 3613 649 3664 ldnlmal

137 3684 216 3737 onaul
234 3698 363 3750 genesen
382 3677 459 3734 war’.
489 3683 576 3734 Beide
593 3686 650 3734 An-

111 3752 200 3822 gaben
216 3752 277 3804 sind
292 3751 394 3818 jedoch
406 3752 484 3803 nicht
496 3768 566 3820 ganz
577 3751 651 3802 rich-

110 3824 163 3891 aig.
195 3822 272 3874 Deua
295 3821 437 3873 Gracchus
469 3821 563 3874 worda
593 3828 651 3874 erst

111 3892 194 3945 uach
205 3891 307 3949 seinem
317 3893 445 3956 zweiten,
456 3891 611 3943 Marcellae
624 3920 651 3930 -

111 3962 163 4015 der
173 3961 316 4013 Eroherer
324 3976 377 4012 ron
387 3961 509 4028 Syracua
520 3989 552 3999 -
562 3962 609 4026 urii
619 3962 651 4012 h-

41 4092 43 4099 ,
112 4030 196 4084 rond
211 4029 303 4082 eines
312 4031 418 4083 finften
433 4029 652 4098 consulatesge·

108 4100 210 4154 coutet.
221 4099 259 4151 Es
266 4100 347 4152 sollte
356 4101 413 4152 also
422 4101 529 4154 heisten
538 4101 579 4152 bia
586 4117 651 4152 con-

109 4170 493 4237 autemmquintumtddverb)
502 4170 651 4222 consulem.

147 4240 178 4291 in
200 4239 324 4292 buconia
354 4241 453 4309 gehdrt
474 4256 508 4292 nu
529 4240 649 4292 sustulit.

108 4310 173 4393 Vgl.
192 4316 219 4376 4,
239 4315 256 4363 2
283 4328 332 4377 per
349 4311 481 4431 laifini-ca.
501 4338 535 4350 -
552 4311 650 4362 aboena

109 4381 233 4444 mom.
262 4379 302 4432 Es
322 4398 387 4449 gese
408 4381 442 4434 ab
459 4379 543 4432 durch
555 4380 649 4432 aeinen

109 4448 343 4503 Unterleldborru
356 4449 447 4519 Mago.

701 3263 854 3329 Africanus
864 3264 932 3319 lam.

736 3338 762 3384 2.
775 3334 963 3402 facultatibna
973 3335 1026 3386 wie
1037 3334 1096 3402 XV,
1106 3338 1166 3401 3,4.
1209 3338 1214 3347 “

737 3403 773 3454 ina
792 3405 1011 3468 recreationem,
1032 3405 1075 3457 ein
1093 3407 1236 3459 Ausdruck

702 3472 752 3525 der
797 3473 991 3544 ollrsaprache‚
1009 3476 1235 3528 wahrschainlicb

702 3560 751 3595 aus
761 3542 960 3613 inpraesentia
969 3562 1060 3596 rerum
1070 3545 1123 3597 und
1152 3546 1237 3598 leich-

702 3613 857 3666 hedeutend
874 3615 923 3666 mit
931 3615 961 3666 in
969 3564 1162 3684 praesential,
1173 3620 1189 3666 7
1192 3655 1198 3679 ‚
1209 3616 1236 3670 6.

737 3683 836 3736 belluna
852 3701 1043 3752 componeres.
1054 3701 1088 3737 nu
1100 3685 1159 3746 Vll,
1173 3687 1198 3748 8,
1209 3688 1235 3738 3.

737 3770 789 3820 quo
802 3755 854 3806 wie
866 3754 891 3806 in
903 3771 955 3821 quo
961 3754 1081 3821 faciliua
1090 3753 1112 3814 Ι,
1124 3757 1149 3818 6,
1165 3757 1188 3805 l.

737 3824 915 3876 condiciones
923 3841 980 3875 non
991 3821 1237 3875 conveneruntwie

702 3892 812 3958 1v‚4,2
834 3911 904 3960 quae
923 3895 996 3945 inter
1014 3911 1109 3962 regem
1126 3892 1236 3945 Pantau-

702 3961 830 4028 triamque
849 3970 1050 4015 convenerant:
1062 3957 1131 4014 ‘num
1145 3962 1236 4014 Zwia-

702 4031 838 4101 gesprich
866 4033 924 4084 kam
944 4050 975 4086 er
992 4032 1041 4084 mit
1058 4032 1111 4084 ihm
1130 4049 1237 4086 zusam-

702 4118 776 4164 men,
798 4101 867 4153 tiber
886 4102 931 4154 die
953 4102 1150 4172 Bodingungen
1176 4104 1244 4155 llam

701 4187 761 4223 man
771 4170 846 4223 nicbt
855 4168 987 4228 fiberein'.

737 4243 762 4293 3.
776 4244 888 4306 jactum
905 4236 1072 4311 ‘Ereignisa’.
1092 4275 1124 4284 -
1138 4243 1239 4310 paucio

702 4310 799 4362 diebus
808 4327 830 4365 a.
841 4312 912 4364 oben
922 4329 956 4364 zu
964 4314 990 4374 b,
999 4311 1026 4364 3.
1294 4365 1297 4369 .

735 4380 898 4432 incredibile
908 4382 986 4434 dictat
997 4381 1109 4433 beziebt
1120 4377 1178 4430 sich
1190 4381 1240 4431 auf

702 4449 747 4501 die
758 4448 954 4518 Schnelligkeit
966 4451 1016 4503 der
1026 4449 1123 4502 uiuent
1158 4488 1165 4502 .

997 4551 1002 4559 '
1031 4549 1079 4604 10*
