2744 5056
323 604 409 663 XXV.
430 603 462 663 Τ,
481 602 692 658 POMPONIUS
709 603 865 659 ATTIOUS
885 603 960 659 CAP.
981 610 1020 659 11.

1172 590 1231 654 171

103 796 171 840 ‘uon
188 777 285 840 solum
301 776 372 848 sibi,
389 778 544 839 sedetiam
562 779 603 848 ei,
621 796 710 856 quem
726 779 913 840 carissimum
924 777 1067 854 babebat,
1083 779 1231 857 praesidio

107 864 175 925 luit.
205 863 309 940 Neque
332 864 412 923 euim
434 881 505 923 suae
524 861 619 923 solum
642 882 658 923 a
683 880 832 943 quoquam
853 863 992 925 auxilium
1014 865 1099 941 petiit
1119 863 1231 937 salutis,

109 957 144 1008 ut
164 956 324 1027 appareret
339 946 450 1006 nullam
467 949 632 1008 seiunctam
647 946 705 1020 sibi
720 947 757 1007 ab
774 965 809 1008 eo
826 945 900 1010 velle
914 948 1075 1013 fortunam.
1106 944 1191 1015 Quod
1206 950 1232 1008 si
1249 955 1266 1006 6

102 1031 293 1110 gubernator
315 1033 476 1109 praecipua
499 1031 585 1092 laude
606 1032 717 1108 fertur,
740 1034 790 1109 qui
810 1050 914 1092 navem
930 1050 966 1092 ex
982 1031 1080 1092 hieme
1095 1035 1231 1110 marique

110 1114 270 1194 scopuloso
283 1123 396 1182 serrat:
411 1133 464 1175 cur
477 1133 536 1175 non
550 1117 709 1192 singularis
721 1117 784 1176 eius
798 1117 982 1177 existimetur
992 1116 1160 1196 prudentia,
1181 1117 1231 1193 qui

102 1219 148 1261 ex
160 1208 203 1259 tot
213 1207 332 1276 tamque
344 1200 482 1276 gravibus
494 1199 636 1278 procellis
649 1199 1070 1261 civilibusadincolumitatem
1077 1201 1230 1279 pervenit?

198 1284 248 1348 ll,
272 1282 384 1352 Quibus
407 1303 441 1344 ex
458 1283 544 1346 malis
560 1293 593 1344 ut
608 1303 640 1345 se
656 1287 791 1354 emersit,
813 1283 887 1345 nihil
903 1284 982 1345 aliud
998 1287 1071 1362 egit,
1094 1303 1183 1362 quam
1199 1295 1231 1346 ut

110 1368 258 1447 plurimIs,
278 1367 385 1444 quibus
397 1367 488 1429 rebus
501 1376 612 1448 posset,
630 1377 709 1430 esset
720 1368 840 1436 auxilio,
864 1369 936 1432 Cum
948 1371 1132 1447 proscriptos
1143 1388 1231 1449 prae-

110 1453 178 1512 miis
199 1455 413 1531 imperatorum
431 1450 536 1529 vulgus
551 1456 756 1531 conquireret,
777 1471 865 1514 nemo
881 1454 911 1512 in
927 1449 1049 1532 Epirum
1064 1455 1159 1529 venit,
1182 1455 1232 1514 cui

102 1553 160 1597 ‘res
181 1536 239 1598 ulla
261 1537 403 1614 deluerit,
427 1538 540 1597 nemini
559 1555 620 1597 non
635 1536 677 1596 ibi
693 1546 838 1616 perpetuo
853 1537 994 1598 manendi
1008 1546 1140 1616 potestas
1155 1539 1231 1598 lacta

111 1629 169 1681 est:
192 1622 244 1698 qui
266 1623 353 1682 etiam
370 1628 437 1699 post
451 1621 598 1701 proelium
613 1620 805 1700 Philippense
820 1623 1032 1699 interitumque
1048 1623 1078 1683 C.
1096 1622 1187 1683 Cassii
1202 1631 1231 1682 et
1247 1627 1265 1682 2

110 1705 148 1766 lll.
169 1704 254 1765 Bruti
274 1704 429 1770 biblium
445 1705 593 1766 Mocillam
614 1707 797 1784 praetorium
820 1714 848 1766 et
869 1706 963 1766 lilium
985 1708 1049 1767 eius
1063 1706 1230 1785 Aulumque
1243 1719 1270 1760 ⁴²

104 1789 294 1866 'Torquatum
315 1798 493 1866 ceterosque
512 1792 577 1868 pari
594 1792 713 1851 fortuna
727 1789 883 1868 perculsos
898 1791 1059 1851 instituerit
1073 1793 1167 1867 tueri,
1188 1799 1231 1852 at-

110 1889 169 1949 que
186 1892 221 1934 ex
233 1873 325 1951 Epiro
340 1875 377 1941 iis
393 1877 493 1934 omnia
506 1875 742 1937 Samothraciam
758 1875 927 1952 supportari
943 1875 1070 1935 iusserit.
1104 1875 1230 1936 Difficile
1247 1883 1265 1935 3

105 1968 156 2018 -est
171 1959 270 2018 omnia
286 1960 427 2036 persequi
443 1966 472 2019 et
486 1977 546 2019 non
563 1961 776 2020 necessarium.
806 1957 882 2018 lllud
897 1975 988 2018 unum
1002 1957 1136 2035 intellegi
1150 1959 1231 2021 volu·

109 2060 191 2109 mus,
207 2041 287 2102 illius
302 2041 512 2104 liberalitatem
527 2060 625 2120 neque
641 2043 851 2122 temporariam
867 2060 966 2119 neque
982 2041 1117 2103 callidam
1130 2044 1231 2104 luisse.

108 2123 142 2185 Id
159 2144 194 2186 er
209 2127 281 2204 ipsis
296 2125 389 2187 rebus
404 2145 439 2188 ac
455 2127 639 2206 temporibus
653 2127 780 2188 iudicari
794 2135 905 2207 potest,
928 2127 1008 2203 quod
1022 2144 1083 2186 nou
1099 2126 1232 2188 florenti-

109 2208 166 2272 bus
184 2229 216 2271 se
232 2210 404 2281 venditavit,
426 2212 480 2272 sed
496 2211 622 2273 adllictIs
638 2229 757 2290 semper
772 2212 935 2278 succurrit;
958 2213 1010 2290 qui
1025 2212 1145 2288 quidem
1161 2213 1231 2274 Ser·

143 2469 221 2520 quem
232 2452 403 2505 carissimum
411 2454 529 2505 habebat
538 2471 560 2505 s.
571 2455 644 2523 null,

108 2527 172 2588 aa.

142 2608 210 2645 suae
229 2592 365 2644 auxilium
383 2591 483 2644 salutis
506 2585 559 2643 ‘um
578 2591 646 2644 Ret-

104 2664 175 2730 tung
185 2660 276 2713 seinos
291 2661 406 2729 eigenen
415 2657 543 2714 Lebens’.

144 2731 222 2797 aelle,
232 2732 269 2784 ist
279 2731 327 2783 das
338 2731 455 2798 Subject
463 2747 497 2783 ιιι
507 2729 644 2799 erginren

107 2802 179 2853 noch
188 2800 210 2864 I,
219 2804 246 2868 2,
255 2809 272 2855 4
282 2801 350 2853 oder
360 2802 429 2853 nach
439 2803 460 2866 1,
470 2803 496 2868 3,
507 2801 546 2853 tt

144 2870 197 2922 stoi
215 2871 315 2938 gehbrt
323 2889 357 2924 ιιι
367 2872 449 2936 velim
460 2873 494 2923 ab
505 2888 545 2940 eo,
557 2872 644 2942 Cano,

109 2941 176 2993 kurz
186 2939 230 2992 fiir
240 2941 273 2992 ab
283 2941 343 2994 ciue
352 2942 456 3011 (Cani)
461 2947 593 3010 fortuna.

145 3013 170 3063 6.
181 3011 295 3076 Quodsi
305 3029 327 3063 s.
338 3029 372 3064 zu
381 3011 430 3078 IV,
440 3015 465 3078 l,
477 3013 502 3067 6.
513 3017 645 3079 -seriur

107 3078 164 3148 vgl.
175 3081 199 3146 1,
209 3083 225 3134 3
235 3081 497 3148 nabiliosercbatur.

144 3149 239 3212 hiemo,
249 3150 325 3202 nicht
334 3145 470 3201 ‘Winter’.

143 3219 272 3286 procellis
290 3219 426 3284 civilibus,
444 3218 564 3270 welcher
576 3220 645 3272 Aus-

115 3287 200 3341 druclr
211 3289 291 3340 stand
301 3289 382 3341 dalrir
391 3288 507 3341 Irliher?

146 3359 210 3421 11,
225 3361 245 3410 l.
256 3377 291 3411 ear
300 3359 382 3411 malis
396 3358 422 3412 (l.
432 3358 450 3416 i,
460 3356 602 3426 perieulis.
613 3385 645 3395 -

109 3443 137 3478 ec
164 3429 272 3481 emersit
295 3431 438 3496 (tanquam
464 3445 478 3479 e
498 3427 646 3494 fluetibus)

108 3496 316 3564 gewhhnlicher
342 3500 418 3551 steht
439 3515 579 3567 emergere
606 3497 646 3549 als

109 3566 323 3621 Intransitivum.
360 3568 452 3621 Durch
462 3567 512 3621 das
522 3568 646 3622 Transit.

107 3636 146 3686 ist
165 3638 340 3704 angadeutcl,
358 3639 421 3691 dass
441 3655 473 3689 er
492 3639 550 3691 sich
560 3637 646 3690 durch

111 3705 189 3756 selue
208 3706 303 3775 oigene
321 3707 573 3760 Geschiclrlichkeit
591 3725 646 3759 eru·

110 3775 312 3843 porarbeitete.

145 3845 216 3896 notit
225 3847 305 3899 aliud
315 3863 396 3913 quom
411 3863 433 3898 s.
444 3862 478 3897 ιιι
486 3849 535 3912 VI,
549 3846 571 3912 l,
582 3850 609 3897 4.

143 3916 283 3982 praemiis,
301 3919 353 3968 den
372 3915 426 3968 abl.
445 3932 544 3969 causae
562 3915 646 3968 iiber-

110 3993 187 4036 setze
209 3987 277 4039 nach
287 3987 370 4038 baius
381 3987 586 4052 coneilioatquc
594 4003 645 4037 aar·

111 4055 239 4108 ctoritate
248 4055 286 4107 VI
290 4056 309 4120 I,
321 4055 346 4118 3,
360 4060 382 4108 l.

143 4126 174 4175 in
184 4125 309 4194 Epirum,
321 4125 402 4178 (labin
412 4125 562 4177 hiichleleu
572 4124 645 4176 viele

110 4194 274 4264 Gebchtete„
304 4196 366 4248 weil
388 4195 464 4248 dicae
493 4194 644 4263 Gagauden

109 4262 135 4314 in
155 4264 206 4316 der
215 4266 325 4318 Gewalt
342 4267 392 4318 des
402 4266 503 4318 Brutus
513 4265 567 4317 und
578 4267 645 4317 Ces-

109 4331 277 4387 alrrswareu.
311 4336 362 4388 Die
381 4336 522 4388 erwhhnte
540 4335 644 4387 Unter-

108 4402 238 4476 stritzung
255 4405 354 4459 landen
364 4407 404 4458 sie
414 4408 462 4459 aul
471 4406 524 4458 den
535 4403 643 4459 Gilteru

698 2453 746 2505 des
756 2453 863 2505 Atticus
879 2453 905 2504 iu
917 2452 1028 2520 Epirus,
1039 2471 1063 2504 s.
1072 2470 1107 2505 ιιι
1116 2457 1141 2518 8,
1152 2454 1232 2509 hund

697 2524 740 2587 14,
750 2525 776 2576 3.
1035 2545 1038 2551 ·

729 2591 861 2660 desuerit,
872 2591 922 2644 der
931 2592 1065 2660 Couj.wie
1075 2591 1143 2643 nach
1153 2608 1231 2644 nemo

696 2657 1168 2731 eatqui—potestas‘Erlaubniss’.

730 2735 755 2784 2.
774 2730 822 2801 qui
843 2732 956 2784 beaieht
973 2732 1030 2784 sich
1050 2733 1098 2783 auf
1114 2731 1167 2783 den
1182 2734 1233 2783 At-

696 2801 777 2869 ticus,
795 2801 893 2853 denseo
903 2801 1108 2870 Thatiglreitim
1117 2801 1232 2869 rorigeri

696 2871 781 2924 Satze
799 2872 968 2940 geschildert
985 2871 1064 2938 wird,
1084 2872 1233 2923 obwohler

696 2941 784 2994 selbot
793 2941 870 2993 nicht
878 2948 1000 3010 genennt
1009 2941 1054 2993 ist.
1073 2942 1129 2993 Das
1140 2941 1232 2992 Relet.

696 3012 844 3064 iibereetae
870 3011 970 3077 wiell,
991 3017 1009 3062 4
1029 3010 1076 3076 qui
1103 3011 1231 3062 voluerit.

694 3081 806 3134 Ilbenso
816 3081 844 3131 in
854 3086 869 3146 ξ
880 3085 905 3131 4.

729 3151 914 3219 Philippense,
933 3147 1003 3200 nach
1020 3146 1094 3199 ihrer
1112 3147 1232 3200 Nieder-

695 3220 758 3289 lage
769 3221 813 3272 bei
823 3219 943 3289 Philippi
959 3217 1084 3270 thdteterr
1094 3216 1152 3268 sich
1163 3217 1232 3270 Cas·

697 3291 753 3343 sius
764 3290 817 3343 und
826 3290 927 3341 Brutus
938 3288 1034 3340 selbot.

731 3360 910 3428 praetorium,
921 3356 1119 3428 vgl.ceuooriao
1129 3356 1230 3423 XXIV,

714 3469 722 3498 '
734 3498 953 3552 Samothraciam
962 3517 983 3549 s.
994 3515 1028 3549 zu
1038 3497 1060 3563 I,
1073 3499 1097 3564 l,
1108 3500 1133 3551 l.

733 3573 759 3624 3.
781 3569 907 3638 Difficile
931 3575 971 3620 cot
993 3566 1140 3619 iiborsetze
1162 3566 1232 3619 nach

698 3640 815 3710 longum
823 3646 863 3692 est
877 3637 981 3703 XXIII,
992 3641 1018 3701 5,
1029 3641 1060 3700 43
1071 3653 1128 3688 aon
1139 3652 1233 3687 neoco-

696 3711 802 3762 sarr‘am
828 3709 866 3762 ist
893 3708 946 3759 ein
973 3705 1090 3774 Begriff,
1116 3705 1231 3757 deshalb

696 3781 773 3832 nieht
781 3795 841 3835 aec.
850 3807 884 3817 -
893 3777 1019 3845 persequi
1030 3775 1083 3826 wie
1091 3773 1193 3839 XXIV,
1205 3777 1230 3840 3,

714 3887 924 3985 ’temporariam
943 3914 1032 3966 erhilt
1047 3911 1122 3963 scine
1132 3910 1231 3962 Erita-

695 4005 764 4055 rung
783 4004 831 4038 aus
850 3984 876 4048 9,
894 3988 911 4039 6
928 3981 1058 4052 temporie
1079 3999 1174 4033 causo.
1196 4010 1231 4022 -

698 4056 829 4109 callidam
839 4051 940 4106 ‘schlau
950 4047 1118 4110 berechnet’.

732 4132 757 4179 4.
775 4143 819 4178 rer
838 4143 871 4176 ae
890 4132 1014 4194 tempora
1031 4120 1241 4190 ‘Vorhbltuissen

695 4191 980 4250 undZeiturustbude'.

730 4285 758 4320 re
766 4266 923 4320 venditavit
932 4283 954 4318 a.
965 4282 1000 4317 ιιι
1009 4263 1157 4317 ventitavit
1166 4267 1191 4326 4,
1202 4262 1229 4313 4.

729 4339 776 4405 qui
795 4337 904 4404 quidem
919 4363 953 4374 -
964 4335 1080 4387 coluerit
1097 4351 1121 4384 a.
1141 4347 1175 4383 ιιι
1194 4330 1230 4397 X,

693 4409 753 4472 aa.
