2730 5004
155 695 198 761 52
497 708 560 766 ιιι.
576 707 791 764 uucissmuus
810 709 886 767 GAP.
907 717 948 765 ro.

156 884 303 960 Thraces,
329 896 487 963 postquam
512 902 580 945 eum
602 901 670 945 oum
691 901 797 962 magna
819 886 945 963 pecunia
966 886 1081 945 venisse
1102 893 1273 959 senserunt,

157 969 279 1030 insidias
293 969 445 1038 tencrone
462 969 513 1046 qui
529 987 579 1041 ea,
596 986 673 1046 quae
688 977 874 1048 apportarat,
891 968 1090 1038 abstulerunt,
1106 970 1204 1047 ipsum
1223 987 1274 1030 ca·

122 1063 140 1115 8
157 1072 230 1132 pere
244 1070 305 1113 non
321 1061 490 1132 potuerunt.
520 1052 574 1114 llle
589 1070 716 1115 cernens
727 1052 842 1114 nullum
853 1052 952 1113 locum
962 1052 1020 1113 sibi
1030 1061 1124 1114 tutum
1135 1054 1166 1112 in
1178 1052 1274 1115 Grae·

158 1139 204 1198 oia
212 1145 336 1217 propter
346 1138 507 1218 potentiam
519 1137 831 1206 Lacedaemoniorum,
847 1138 884 1198 ad
895 1136 1119 1198 Pharnabazum
1131 1139 1162 1197 in
1171 1139 1274 1200 Asiam

157 1223 289 1290 transiit;
306 1239 395 1301 quem
411 1223 530 1302 quidem
546 1222 620 1283 adeo
636 1240 688 1282 sua
704 1223 784 1301 cepit
797 1221 994 1296 humanitate,
1011 1230 1044 1283 ut
1059 1240 1127 1283 eum
1138 1239 1228 1282 nemo
1241 1224 1273 1284 in

158 1308 286 1367 amicitia
316 1307 515 1369 antecederet
559 1306 694 1383 Namque
715 1307 742 1367 ei
763 1307 904 1385 Grynium
927 1307 1063 1382 dederat,
1090 1311 1120 1366 in
1142 1306 1273 1386 Phrygia

121 1407 140 1455 4
158 1400 299 1459 castrum,
315 1409 351 1452 cx
367 1410 426 1471 quo
442 1393 651 1471 quinquageno
668 1389 778 1452 talenta
792 1390 943 1470 vectigalis
959 1391 1104 1470 capiebat.
1129 1387 1192 1459 Qua
1208 1392 1273 1452 lor·

158 1485 228 1537 tuna
243 1475 411 1537 Alcibiades
426 1492 487 1536 non
502 1481 566 1536 erat
580 1483 861 1554 contemnamque
875 1475 1004 1537 Athenas
1019 1478 1109 1536 victas
1122 1476 1272 1538 Lacedae·

158 1562 265 1621 moniis
286 1562 402 1621 servire
426 1567 544 1638 poterat
558 1560 628 1638 pati.
671 1555 778 1638 Itaque
794 1560 830 1620 ad
845 1562 971 1638 patriam
986 1559 1171 1621 liberandam
1187 1564 1272 1623 omni

122 1657 140 1706 5
157 1644 311 1706 ferebatur
332 1646 521 1722 cogitatione.
566 1644 624 1705 Sed
647 1643 765 1705 videbat
785 1644 817 1704 id
833 1647 897 1706 sine
912 1662 984 1722 rege
998 1644 1090 1706 Perse
1105 1662 1165 1705 non
1181 1664 1272 1725 posse

157 1729 222 1789 fieri
242 1729 368 1805 ideoque
389 1747 457 1789 cum
476 1729 605 1789 amicum
626 1727 683 1790 sibi
705 1729 844 1807 cupiebat
858 1730 988 1806 adiungi,
1003 1747 1101 1806 neque
1117 1729 1273 1791 dubitabat

156 1813 244 1874 lacile
258 1831 291 1873 se
307 1821 550 1884 consecuturum,
578 1815 604 1874 si
619 1813 708 1874 modo
724 1815 788 1874 eius
803 1815 1004 1875 conveniundi
1019 1812 1170 1876 habuisset
1183 1823 1272 1894 pote·

156 1904 272 1958 statem.
294 1896 368 1958 Nam
384 1897 491 1978 Cyrum
506 1898 630 1959 tratrem
646 1900 673 1959 ci
688 1897 798 1958 bollum
815 1899 889 1958 olam
904 1916 1010 1977 parare
1026 1897 1271 1960 Lacedaemoniis

156 1981 364 2043 adiuvantibus
384 1982 512 2044 sciebat:
542 1983 572 2043 id
594 1983 619 2042 si
641 1984 821 2060 aperuisset,
843 2000 980 2060 magnam
994 2001 1027 2044 se
1042 1985 1184 2045 initurum
1200 2001 1270 2061 gra-

159 2070 228 2128 tiam
243 2065 369 2127 videbat.

244 2150 292 2211 10.
305 2151 369 2212 Hoc
384 2169 451 2211 cum
467 2151 622 2212 moliretur
638 2157 810 2230 peteretque
825 2150 1054 2222 aPharnabazo,
1072 2163 1104 2214 ut
1119 2153 1155 2213 ad
1166 2170 1271 2229 regem

157 2237 332 2304 mitteretur,
349 2235 454 2296 eodem
470 2244 604 2314 tempore
620 2236 729 2297 Critias
745 2238 899 2314 ceterique
915 2239 1031 2314 tyranni
1046 2237 1273 2299 Atheniensium

160 2329 258 2381 certos
274 2319 412 2380 homines
429 2319 466 2380 ad
482 2319 666 2398 Lysandrum
681 2320 712 2379 in
727 2322 826 2381 Asiam
841 2321 994 2390 miserant,
1011 2324 1061 2401 qui
1078 2340 1145 2383 eom
1162 2324 1271 2385 cerdo·

157 2423 221 2465 rem
242 2405 390 2477 lacerent,
412 2405 469 2465 nisi
484 2402 666 2465 Alcibiadem
684 2403 860 2474 sustulisset,
875 2404 949 2464 nihil
966 2423 1068 2466 earum
1086 2424 1189 2467 rerum
1205 2407 1272 2468 lore

157 2498 269 2559 ratum,
293 2505 366 2565 quas
386 2491 451 2567 ipse
466 2489 591 2550 Athenis
611 2490 827 2550 constituisset:
857 2507 963 2569 quare,
985 2491 1010 2551 si
1025 2508 1093 2552 suas
1108 2509 1157 2552 res
1173 2499 1272 2568 gestas

121 2588 140 2637 2
158 2590 279 2634 manere
294 2572 389 2643 vellet,
405 2572 490 2634 illum
500 2581 740 2652 persequeretur.
765 2574 817 2635 His
832 2574 909 2634 Laco
925 2573 1016 2635 rebus
1031 2585 1198 2636 commotus
1212 2584 1273 2637 sta·

163 2661 219 2720 tuit
238 2659 404 2720 accuratius
425 2658 482 2719 sibi
497 2659 643 2735 agendum
660 2677 727 2719 cum
743 2658 944 2719 Pharnabazo.
981 2660 1056 2720 Huic
1073 2678 1143 2737 ergo
1159 2679 1272 2721 renun-

164 2745 233 2819 tiat,
254 2760 329 2822 qnae
349 2744 414 2820 regi
429 2761 497 2803 cum
512 2742 753 2804 Lacedaemoniis
768 2750 881 2814 essent,
904 2745 962 2805 nisi
977 2743 1158 2805 Alcibiadem
1175 2747 1273 2806 virum

191 2989 217 3036 2.
244 2982 291 3050 qni
314 2982 341 3034 d.
361 2984 379 3035 i.
398 2982 494 3046 atilli,
513 3000 588 3035 ιιιιι
606 2984 686 3036 cuiun
774 2985 872 3050 Cyrum
882 3003 904 3042 s,
918 3003 952 3037 zu
961 2985 1010 3050 lx,
1021 2990 1082 3053 3,1.

155 3054 300 3177 ἕοὲιεὲἰῖῐ,
314 3055 372 3173 Ιώ2.
485 3123 564 3190 VM
577 3129 600 3179 l
771 3054 1020 3122 bellumparnres.
1039 3056 1119 3118 qu,
1131 3059 1156 3124 5,
1170 3060 1274 3111 loom·

270 3139 322 3174 orn
359 3138 471 3177 muzus.
756 3141 843 3176 crore

191 3193 404 3282 quampridem,
424 3195 477 3247 wie
496 3163 588 3260 li'i,1,
608 3197 634 3249 3.
652 3223 687 3232 -
735 3141 929 3280 Pgiratiem'
919 3194 991 3246 enirn
1020 3193 1085 3247 sich
1111 3199 1200 3249 Gunat
1227 3217 1274 3251 er-

155 3265 227 3332 cepa't
244 3259 331 3315 nahrn
349 3263 393 3315 fiir
410 3264 521 3316 sichein
528 3258 688 3352 ‚gewannfl
738 3260 867 3317 warben'.

160 3333 428 3385 -nomanttaehier
437 3304 661 3404 felnellildung'.
774 3335 838 3393 1⁰,
853 3337 874 3384 l.
888 3334 1029 3386 moliretur
1038 3330 1274 3405 damitumging’,

191 3420 265 3467 eum,
292 3401 475 3467 Alcibiadem
495 3404 525 3454 in
552 3406 687 3470 amicitia,
740 3403 887 3472 cigentlioh
915 3412 1001 3456 etwas
1020 3404 1236 3473 Schwieriges
1228 3425 1273 3460 ins

156 3470 337 3523 Pharnabazi.
739 3472 824 3524 Werk
836 3480 940 3525 setzen.

192 3541 222 3591 in
232 3540 356 3609 Pbrpgta
366 3549 517 3594 vostrumst
530 3558 564 3593 zu
575 3543 624 3608 ΠΙ
636 3550 661 3610 2,
675 3550 685 3598 l
774 3541 876 3594 Critiae
908 3542 1041 3608 ceterique
1066 3543 1197 3608 tyranni,
1226 3543 1274 3597 die

154 3627 257 3680 pugno
269 3612 344 3678 apud
355 3612 508 3664 Solomone
739 3611 883 3680 Lysander
893 3614 1045 3698 erogesetzt
1055 3612 1141 3662 hatte

193 3687 312 3732 centrum
328 3682 403 3733 steht
432 3683 580 3734 ewdbnlich
594 3700 645 3735 nur
660 3684 688 3735 in
773 3681 869 3734 tollere
887 3678 970 3733 hier
972 3697 1020 3733 aus
1039 3680 1098 3732 dem
1106 3681 1192 3749 Wege
1209 3686 1273 3736 rliu-

157 3750 335 3818 Verbindung
355 3701 590 3817 mitssrtanamen,
609 3761 688 3806 sonst
740 3745 856 3806 men'.-
828 3759 972 3815 -rotum,
986 3750 1095 3836 Adject

157 3821 307 3874 cartallum.
772 3837 838 3873 suaa
863 3839 906 3872 rea
931 3828 1026 3891 gertus
1051 3814 1135 3872 aeine
1159 3818 1272 3873 Werlte’

192 3892 407 3960 quinquagena,
432 3891 558 3959 jiihrliob
592 3891 688 3944 Ueber
738 3888 792 3943 d.i.
811 3891 951 3943 derSturz
965 3890 1015 3942 der
1030 3890 1273 3944 Vollsherrschalt

156 3961 206 4014 das
216 3962 347 4014 Talenta
358 3960 459 4027 zu1,7,
472 3962 497 4015 6,
738 3975 772 4010 zu
791 3960 880 4012 Athen
900 3961 953 4013 und
972 3960 1017 4011 die
1037 3961 1203 4013 Herrschalt
1220 3962 1271 4013 der

192 4034 218 4083 4.
239 4033 300 4096 Qua
330 4031 430 4118 kniiple
461 4030 508 4081 tnit
533 4026 618 4084 abcr’
644 4050 686 4084 an.
737 4046 789 4080 von
808 4030 861 4081 ihm
880 4031 1066 4100 eingesetzten
1086 4031 1218 4098 Dreissig.
1239 4061 1269 4068 -

186 4101 333 4166 ferebatur
342 4096 663 4169 wurdebingetrlebeo'.
735 4108 981 4167 peraequeretnrs
1001 4117 1035 4152 zu
1053 4102 1097 4168 ll,
1115 4100 1146 4166 6,
1167 4105 1270 4168 {oopus
1354 4098 1357 4107 “

192 4171 217 4220 h.
235 4170 405 4238 regePerse,
424 4171 594 4223 Artaxerxes
609 4170 688 4222 Mne·
733 4173 873 4235 facerent.

158 4240 319 4291 monldh-
324 4240 423 4292 359-
434 4239 626 4304 Peraeazull,
634 4241 686 4303 8,2.
773 4243 798 4290 2.
816 4239 935 4290 Laced.
951 4239 1174 4306 iLysanderae-
1186 4257 1270 4291 occu-

192 4324 278 4374 neque
288 4307 463 4360 dubrtobots
475 4309 541 4373 nul,
551 4311 575 4367 3
586 4307 611 4360 6
738 4308 828 4360 retina
845 4303 1024 4374 ernstlicher,
1042 4304 1268 4362 entechiedener'.

190 4383 350 4447 potestatem
380 4347 593 4463 Gelegenheit’3
622 4393 688 4428 cott-
772 4379 912 4430 statuit-
880 4381 1098 4468 -agendums
1113 4384 1224 4439 zu4,.2

157 4449 250 4500 venire
268 4442 407 4514 aliquem
410 4447 565 4500 zulemand
580 4444 686 4516 gehen',
772 4449 918 4501 renuntiat
934 4447 1058 4519 ‘ltiindigt
1073 4445 1181 4501 autt-
1148 4465 1269 4515 -quoe

157 4518 452 4586 umihnzusprechen.
737 4519 872 4589 reginum
882 4519 1267 4574 Lacedaemoniioeaeentd..i

158 4786 174 4846 A
