2744 5056
449 644 496 700 IV.
514 643 720 699 PAUSANIAS
738 643 813 700 OAP.
826 650 851 700 4.
1167 632 1209 698 33

97 813 261 882 sollicitare
283 836 336 897 spe
356 817 502 879 libertatis
525 817 754 882 existimabatur.
800 819 858 880 Sed
879 819 958 897 quod
981 819 1087 880 herum
1107 837 1208 883 rerum
1226 830 1243 882 τ

99 903 218 968 nullum
242 912 305 964 erat
325 910 460 982 apertum
476 905 606 973 crimen,
627 920 688 981 quo
706 905 790 982 argui
805 911 919 982 posset,
940 922 1000 965 nou
1016 904 1159 984 putabant
1173 907 1209 967 de

96 989 151 1052 tali
165 998 286 1066 tamque
301 987 381 1048 claro
395 989 459 1048 viro
476 988 696 1066 suspicionibus
711 996 850 1068 oportere
861 989 988 1051 iudicari
997 997 1209 1069 etexspectan·

95 1076 185 1151 dum,
202 1073 272 1134 dum
287 1091 320 1133 se
333 1074 396 1151 ipsa
411 1090 461 1134 res
476 1074 614 1151 aperiret.
1172 1114 1175 1119 -

184 1157 212 1218 4.
225 1157 345 1218 Interim
354 1157 490 1234 Argilius
501 1158 620 1237 quidam
631 1157 879 1229 adulescentulus,
896 1176 984 1238 quem
997 1177 1123 1238 puerum
1135 1161 1176 1221 Pa

99 1245 194 1306 sanias
209 1260 310 1302 amore
324 1242 446 1304 venerio
462 1242 620 1313 dilexerat,
636 1260 703 1302 cum
719 1242 873 1320 epistulam
889 1244 925 1302 ab
939 1260 973 1304 eo
984 1244 1021 1304 ad
1032 1244 1209 1305 Artabazum

97 1329 274 1405 accepisset,
299 1330 384 1407 eique
404 1327 436 1387 in
457 1328 657 1406 suspicionem
678 1328 806 1389 venisset
821 1327 931 1407 aliquid
946 1329 977 1387 in
993 1346 1027 1389 ea
1044 1327 1080 1388 de
1095 1346 1130 1390 se
1144 1348 1211 1390 esse

98 1414 258 1490 seriptum,
279 1412 357 1488 quod
378 1428 466 1472 uerno
482 1429 586 1473 eorum
600 1411 742 1484 redisset,
764 1413 815 1489 qui
830 1430 919 1492 super
936 1411 986 1472 tali
1001 1431 1088 1474 causa
1104 1413 1209 1474 eodem

97 1498 180 1558 missi
194 1503 293 1570 erant,
314 1492 412 1556 uncle
428 1495 571 1575 epistulae
585 1495 694 1557 laxavit
703 1497 848 1575 signoque
865 1500 999 1560 detracto
1014 1498 1210 1574 cognorit,si

98 1578 284 1661 pertulisset,
305 1579 364 1640 eibi
386 1597 451 1642 esse
468 1581 664 1660 pereundum.
694 1581 788 1643 Erant
801 1584 833 1642 in
850 1582 953 1643 eadem
970 1580 1110 1660 epistula,
1131 1591 1243 1660 quaes

98 1666 135 1727 ad
158 1683 192 1726 ea
214 1664 418 1744 pertinebant,
441 1683 518 1742 quae
538 1667 616 1726 iuter
633 1683 734 1742 regem
749 1667 985 1744 Pausaniamque
1001 1675 1210 1728 convenerant.

98 1751 158 1811 Has
179 1749 229 1810 ille
250 1749 365 1810 litteras
386 1749 506 1829 ephoris
526 1749 655 1811 tradidit.
694 1749 759 1810 Non
780 1758 824 1811 est
844 1752 1060 1830 praetereunda
1082 1752 1209 1828 gravitas
1227 1759 1243 1810 3

99 1835 402 1894 Lacedaemoniorum
418 1834 475 1895 hoc
490 1833 566 1894 loco.
597 1833 671 1894 Nam
686 1834 822 1894 uehuius
835 1835 954 1911 quidem
966 1836 1077 1896 iudicio
1089 1835 1210 1914 impulsi

98 1924 226 1992 suut,ut
235 1919 410 1979 Pausaniam
423 1918 720 1998 comprehenderent,
738 1934 836 1996 neque
847 1921 931 1996 prius
942 1921 999 1980 vim
1012 1919 1209 1981 adhibendam

98 2011 290 2082 putaverunt,
305 2021 393 2083 quam
408 2022 440 2064 se
455 2004 520 2082 ipse
534 2003 703 2064 iudicasset.
734 2002 836 2080 ltaque
851 2003 921 2064 huic
935 2004 1042 2073 indici,
1059 2004 1129 2082 quid
1144 2005 1208 2064 lieri
1226 2015 1243 2064 4

99 2086 220 2157 vellent,
242 2095 469 2166 praeceperunt.
500 2088 614 2149 Fanum
633 2087 763 2166 Neptuni
785 2096 829 2149 est
842 2088 984 2159 Taenari,
1006 2083 1209 2166 quod'violari

98 2172 181 2233 netas
201 2181 307 2250 putant
327 2173 443 2234 Graeci.
483 2172 526 2232 Eo
548 2171 597 2233 ille
617 2174 706 2233 iudex
730 2172 862 2250 confugit
881 2174 913 2232 in
936 2191 1046 2251 araque
1068 2172 1208 2235 consedit.

98 2256 180 2318 Hanc
195 2258 275 2317 iuxta
291 2255 389 2317 locum
404 2257 541 2318 iecerunt
554 2255 609 2317 sub
625 2264 719 2327 terra,
737 2276 773 2319 ex
788 2275 846 2336 quo
861 2265 964 2335 posset
980 2258 1090 2334 audiri,
1107 2259 1132 2318 si
1144 2259 1210 2335 quis

99 2341 172 2418 quid
194 2340 366 2419 loqueretur
387 2359 453 2401 cum
471 2339 593 2418 Argilio.
623 2341 686 2402 Huc
708 2361 743 2402 ex
764 2341 885 2421 ephoris
907 2342 1028 2421 quidam
1048 2342 1210 2403 descende-

96 2574 184 2626 Wenn
204 2591 238 2626 zu
256 2575 342 2627 eineru
361 2574 481 2641 Relativ,
499 2575 548 2628 das
567 2576 625 2628 sicb
649 2614 652 2620 -
712 2575 748 2638 4,
768 2578 792 2629 1.
811 2576 941 2646 Argilius
958 2576 995 2628 ist
1012 2576 1118 2628 Volke-
1136 2578 1211 2630 nicht

96 2645 146 2696 auf
161 2644 203 2696 ein
214 2644 453 2713 verborgeheudes
463 2645 626 2698 Substantiv
675 2645 902 2709 Personennerne‚
922 2663 944 2702 s.
964 2645 1070 2714 d.Reg.
1084 2646 1136 2698 Mic
1146 2646 1212 2698 wel-

94 2713 220 2779 beeieht:
241 2714 325 2766 durch
353 2714 401 2766 das
426 2716 545 2779 Verbum
565 2733 626 2768 eum
677 2715 752 2767 chem
762 2713 860 2768 Worte
869 2716 984 2784 beginnt
992 2713 1027 2767 im
1036 2715 1211 2768 D.derSetzi

95 2783 164 2834 oder
182 2784 239 2835 eins
258 2785 307 2835 der
317 2785 419 2849 Verba,
438 2785 543 2838 welche
552 2781 627 2839 ‘uen-
677 2803 700 2837 s.
719 2800 752 2836 zu
773 2786 796 2850 Ι,
818 2786 840 2851 l,
858 2790 883 2840 4.
919 2785 1124 2838 DerNachsatz
1140 2787 1211 2855 iolgt

94 2870 161 2918 nen,
180 2853 224 2905 fiir
240 2860 326 2906 etwas
348 2854 459 2921 belteu',
478 2855 626 2922 bedeuten,
676 2870 729 2907 von
740 2855 834 2909 cincio
844 2856 980 2924 epistulae
989 2872 1033 2908 au.

95 2922 137 2974 eiu
182 2923 297 2976 anderes
334 2924 495 2977 Substantiv
530 2927 627 2995 gehigt
712 2940 804 2976 amore
837 2926 947 2978 venerio
983 2923 1041 2978 ‘sui
1068 2927 1210 2978 unlautere

94 2991 173 3057 wird,
191 3010 223 3045 sc
242 2993 311 3045 kann
330 2995 364 3046 im
375 2996 565 3048 Lateiniscben
576 2997 626 3050 das
675 2989 788 3047 Weise'.

93 3061 205 3114 Relativ
228 3063 286 3116 sich
303 3064 339 3115 im
349 3066 442 3117 Genus
460 3066 513 3116 und
524 3066 626 3119 Nume-
712 3065 743 3114 in
769 3062 952 3131 suspicionem
973 3063 1042 3116 milei
1059 3064 1135 3115 uenit
1158 3057 1210 3114 ‘ich

92 3148 139 3183 rus
157 3132 262 3183 sowohl
272 3133 339 3186 nach
365 3134 424 3186 dem
440 3135 626 3205 Beeiehungs*
677 3128 1211 3201 sebdpt'eVerdacbt’.-deee.·desRe-

91 3207 174 3262 wort,
202 3201 243 3252 als
269 3201 337 3252 n'ach
363 3203 423 3254 dem
453 3204 627 3258 Praedicets-
676 3203 750 3268 dex,
770 3201 806 3252 da
823 3202 854 3252 in
863 3203 963 3270 auspic.
982 3202 1017 3254 ei.
1034 3219 1060 3259 v.
1071 3202 1210 3271 gleichbe-

92 3285 190 3320 nomen
208 3269 325 3324 richten.
360 3271 447 3323 Weun
463 3273 629 3343 derBegriff
678 3270 798 3324 deuteud
817 3270 856 3323 ist
876 3272 925 3324 mit
949 3272 1104 3340 suspicatus
1132 3279 1210 3336 esset,

93 3344 153 3391 erst
178 3336 264 3390 durch
295 3338 348 3415 deu
374 3340 546 3395 Relativsatz
576 3346 625 3398 be·
678 3339 976 3407 a.zux1t⁷,8,e;u,2.

91 3408 286 3474 stimmtwird,
304 3407 623 3466 ¹riehtetsiobdusllelu-
707 3414 845 3481 perferre,
877 3410 922 3463 die
942 3411 1027 3480 Priep.
1045 3411 1144 3464 driicht
1162 3428 1209 3464 aus

91 3479 133 3529 tir
154 3478 236 3530 meist
257 3480 324 3531 nach
351 3481 411 3534 dem
438 3483 623 3554 Beziebungs-
672 3477 715 3534 ‘an
743 3480 796 3532 deu
822 3479 876 3532 ort
901 3482 992 3534 seiner
1008 3476 1210 3548 Bestimmuug’,

93 3555 174 3604 wort.
194 3548 334 3617 Andersl,
352 3553 377 3619 4,
397 3554 413 3606 3
432 3553 621 3624 eiuegeneria,
675 3570 697 3604 s.
707 3567 741 3602 su
750 3550 932 3619 nonpertulit
940 3551 990 3616 111,
1000 3553 1025 3613 1,
1035 3555 1062 3604 5.

91 3618 139 3685 qui
165 3618 382 3678 hemerodromoe
408 3631 552 3676 vocantur.
588 3655 624 3666 -
708 3625 734 3671 2.
761 3628 855 3684 ment,
889 3638 960 3688 quae
985 3616 1117 3687 ‘sechem
1145 3617 1208 3686 die',

92 3689 205 3740 Hilotae
215 3688 366 3758 (Elisium)
374 3687 519 3746 ‘Helcten'.
673 3689 730 3758 egl.
739 3705 773 3742 zu
783 3689 817 3752 Π,
830 3694 855 3754 7,
867 3693 885 3741 4
888 3691 991 3759 fecisse
1001 3692 1081 3757 quod.

127 3759 344 3826 existimabatur,
363 3763 492 3815 verlahre
510 3764 564 3816 wie
575 3765 624 3817 mit
710 3760 839 3812 convenit
865 3761 971 3828 aliquid
989 3761 1061 3814 inter
1081 3774 1131 3810 nos
1149 3754 1209 3810 ‘wir

95 3828 270 3896 Thucydides
278 3833 425 3884 memoriae
432 3833 559 3902 prodidit
565 3839 592 3902 2,
598 3838 622 3888 ἓ.
675 3832 796 3883 hothmen
806 3829 876 3882 iiber
885 3840 970 3884 ctwes
982 3822 1114 3882 dberein’.

127 3895 152 3949 7.
173 3901 517 3966 quodbarumrerumeet.
552 3899 624 3956 ‘weil
710 3903 736 3954 3.
762 3899 891 3969 gravitas
922 3897 1148 3952 ‘Besonnenbeit'.
1175 3927 1209 3938 -

92 3967 162 4021 iiber
180 3968 258 4022 diese
281 3970 367 4041 Dirige
386 3973 465 4025 keine
484 3974 625 4026 offeubare
674 3970 795 4022 hocloco
806 3965 858 4027 ‘bei
869 3964 1165 4039 dieserGelegenheii’-

91 4037 314 4108 Bescbuldigung
322 4043 398 4095 vorle
418 4037 435 4094 ⁹.
710 4044 735 4091 4.
762 4038 880 4105 uiolari,
905 4038 941 4091 iro
959 4038 991 4095 Ι).
1011 4039 1060 4092 der
1077 4041 1129 4092 Ini.
1148 4043 1208 4093 Act.

127 4109 395 4178 (orgui)poeeetwir=
411 4113 486 4166 bitte
501 4107 625 4170 lrdnneu’.
675 4111 732 4163 Der
758 4108 889 4162 Letciner
909 4109 1034 4179 dagegeu
1054 4116 1143 4175 setzt,
1164 4126 1208 4161 wo

126 4179 329 4249 suspicionibus
354 4177 430 4234 ‘nach
457 4183 624 4238 Verdachts-
674 4180 737 4232 hein
756 4179 876 4247 thitiges
895 4178 1010 4247 Subject
1027 4191 1146 4249 genennt
1163 4181 1207 4242 ist,

88 4242 232 4317 grduden’.
675 4253 727 4303 deu
736 4249 788 4304 Iul.
798 4250 876 4301 Pass.

125 4324 182 4371 ets.
194 4317 410 4386 eexv111,4,·3.
708 4316 1207 4387 Hceeiuetc,ungewdbnlioheStel-

127 4389 348 4456 eoespectcndum,
385 4388 454 4440 iiber
488 4389 536 4441 das
563 4390 624 4442 fab·
674 4388 747 4456 lung.
781 4389 1037 4458 AndereBeispiele
1055 4408 1076 4442 s.
1094 4389 1129 4439 im
1140 4388 1207 4452 Reg.

91 4456 172 4509 leude
183 4476 239 4512 esse
248 4477 268 4512 s.
279 4464 450 4527 adfuturum
460 4460 482 4526 I,
493 4461 517 4525 l,
528 4459 553 4510 1.
674 4464 754 4511 unter
762 4458 963 4530 Praeposition.

133 4594 396 4639 conmmendat.
984 4583 1000 4630 3
