2744 5056
186 719 229 784 60
584 733 630 787 IX
648 731 772 788 CONON
791 734 867 794 caP.
886 744 912 792 3.

152 918 169 969 2
186 909 261 970 Nam
284 927 350 970 cum
365 908 610 986 Lacedaemonii,
625 907 862 970 Atheniensibus
876 910 1013 981 devictis,
1029 913 1061 971 in
1076 914 1220 974 societate
1234 932 1301 976 non

135 1005 173 1047 ³⁰⁶
187 1002 354 1062 manerent,
380 1010 467 1070 quam
483 1010 551 1053 cum
566 995 727 1055 Artaxerxe
743 993 890 1071 fecerant,
912 995 1140 1074 Agesilaumque
1156 995 1304 1060 bellatum

187 1079 340 1139 misissent
353 1079 384 1137 in
399 1079 507 1154 Asiam,
522 1081 649 1139 maxime
663 1077 784 1156 impulsi
799 1097 816 1136 a
832 1079 1045 1158 Tissapherne,
1067 1083 1120 1161 qui
1135 1100 1171 1142 ex
1186 1084 1306 1145 intimis

187 1163 268 1240 regis
287 1161 324 1221 ah
346 1162 473 1222 amicitia
495 1164 558 1224 eins
575 1163 724 1223 defecerat
738 1170 768 1223 et
783 1180 850 1222 cum
866 1163 1109 1227 Lacedaemoniis
1123 1168 1237 1228 coierat
1251 1188 1304 1229 so-

188 1249 339 1306 rietatem:
370 1246 451 1307 hunc
471 1246 612 1308 adversus
627 1246 837 1308 Pharnabazus
857 1247 975 1311 hahitus
997 1258 1043 1312 est
1057 1252 1236 1330 imperatum
1267 1270 1304 1313 re

188 1331 307 1407 quidem
322 1349 390 1391 vera
407 1333 549 1391 exercitui
564 1330 692 1410 praefuit
700 1333 811 1400 Conon,
829 1334 951 1410 eiusque
966 1336 1064 1395 omnia
1080 1334 1205 1397 arbitrio
1217 1346 1303 1414 gesta

152 1422 170 1474 3
188 1425 264 1476 sunt.
310 1415 364 1477 Hic
379 1414 503 1476 multum
519 1415 624 1476 ducem
640 1434 786 1476 summum
803 1417 969 1495 Agesilaum
984 1420 1136 1500 impedivit
1149 1439 1303 1501 saepeque

190 1501 253 1561 eius
273 1499 406 1561 consiliis
426 1499 554 1560 obstitit:
586 1518 684 1578 neque
704 1519 775 1562 vero
795 1519 855 1562 non
876 1502 931 1562 fuit
952 1514 1102 1583 apertum,
1130 1506 1156 1565 si
1169 1504 1221 1567 ille
1237 1523 1302 1567 non

151 1593 168 1640 t
190 1585 301 1660 fuisset,
317 1585 485 1661 Agesilaum
501 1586 598 1646 Asiam
612 1586 711 1645 Tauro
726 1596 812 1647 tenus
826 1588 890 1664 regi
906 1589 997 1649 luisse
1013 1598 1196 1668 erepturum.
1240 1587 1303 1659 Qui

133 1697 172 1739 aar
188 1680 379 1751 posteaquam
401 1670 521 1729 domum
541 1688 558 1729 a
579 1671 640 1730 suis
660 1669 775 1731 civibus
789 1680 942 1734 revocatus
958 1681 1016 1745 est,
1043 1673 1123 1752 quod
1138 1673 1255 1735 Boeotii
1272 1686 1301 1736 et

186 1756 379 1817 Athenienses
399 1753 643 1816 Lacedaemoniis
665 1754 776 1817 bellum
797 1757 982 1828 indixerant,
1011 1758 1114 1820 Conon
1135 1757 1230 1820 nihilo
1252 1779 1304 1821 se·

184 1841 242 1901 tius
262 1839 340 1918 apud
361 1839 529 1918 praefectos
549 1841 629 1916 regis
650 1839 822 1901 versabatur
844 1843 940 1918 iisque
957 1843 1095 1904 omnihus
1110 1860 1219 1921 magno
1234 1853 1302 1905 erat

186 1943 261 1990 usur.

269 2009 299 2075 3.
311 2008 467 2071 Deiecerat
477 2029 494 2070 a
506 2025 577 2084 rege
585 2007 810 2087 Tissaphernes,
824 2026 922 2087 oeque
933 2011 963 2071 id
975 2018 1034 2071 tam
1041 2014 1198 2074 Artaxerxi
1209 2030 1301 2091 quam

185 2097 292 2156 ceteris
310 2103 375 2155 erat
388 2101 534 2171 apertum.
564 2092 663 2153 Multis
678 2093 758 2154 enim
773 2096 946 2174 magnisque
962 2097 1075 2156 meritis
1090 2097 1169 2175 apud
1183 2115 1300 2176 regem,

185 2182 362 2240 etiamtum
385 2180 417 2237 in
441 2176 538 2236 officio
560 2187 790 2250 permaneret,
813 2177 935 2239 valebat.
980 2180 1083 2257 Neque
1103 2181 1134 2240 id
1157 2191 1223 2243 erat
1242 2185 1301 2243 mi·

184 2266 325 2334 randum,
342 2266 368 2323 si
380 2279 440 2323 non
451 2261 539 2321 facile
551 2261 587 2322 ad
600 2260 782 2322 credendum
793 2261 1005 2341 adducebatur,
1023 2267 1220 2328 reminiscens
1232 2269 1301 2330 eius

149 2367 167 2416 2
187 2371 220 2413 se
241 2367 332 2428 opera
348 2347 455 2427 Cyrum
470 2345 591 2406 fratrem
607 2363 771 2424 superasse.
801 2347 896 2407 Huius
911 2350 1069 2410 accusandi
1084 2352 1178 2428 gratia
1194 2351 1301 2413 Conon

131 2455 170 2497 aes
185 2432 404 2501 aPharnabazo
415 2431 450 2491 ad
461 2448 563 2508 regem
575 2432 697 2509 mhsus,
712 2439 907 2509 posteaquam
918 2435 1005 2503 venit,
1023 2436 1154 2512 primum
1165 2454 1201 2497 ax
1213 2454 1300 2498 more

183 2524 343 2585 Persarum
363 2516 399 2576 ad
416 2514 626 2586 chiliarchum,
649 2519 698 2593 qui
713 2517 876 2576 secuudum
892 2517 1016 2594 gradum
1031 2520 1150 2597 imperii
1165 2519 1300 2600 tenebat,

183 2605 373 2670 Tithrausten
390 2602 515 2662 accessit
529 2618 621 2681 seque
635 2602 763 2662 ostendit
778 2618 846 2662 cum
862 2620 933 2680 rege
945 2601 1076 2680 colloqui
1086 2602 1171 2666 velle.
1201 2604 1299 2667 Nemo

217 2811 242 2858 2.
255 2803 499 2864 devicesimam
510 2820 530 2854 s·
541 2805 563 2864 Ι,
574 2807 600 2865 2,
609 2806 635 2854 2.
765 2797 826 2871 Ag?
862 2803 922 2872 Vgl.
939 2805 1087 2872 imperator
1104 2822 1225 2859 mannus
1232 2806 1297 2871 Vll,

216 2879 388 2928 Artaxerxes
405 2890 428 2924 s.
447 2887 481 2923 zu
499 2872 565 2934 Vll,
584 2870 616 2938 9,
634 2875 660 2924 5.
680 2901 713 2911 —-
765 2873 825 2940 1,2.
1198 2871 1201 2877 '

182 2947 311 2998 bellatum
320 2942 373 2994 wie
382 2942 562 2994 deliberatum
570 2940 593 3004 Ι,
606 2944 664 3008 1‚2.
798 2957 886 3007 neque
903 2960 967 2994 uero
985 2961 1042 2996 oon
1059 2944 1113 2996 wie
1133 2942 1249 3010 vnto,
1270 2950 1298 2999 2.

216 3033 253 3067 eo:
274 3012 380 3065 intimis
397 3012 475 3081 regis
499 3006 556 3062 ‘aus
578 3010 628 3061 der
645 3010 713 3063 Zahl
798 3016 825 3062 4.
835 3011 944 3079 hellone,
967 3014 1017 3066 der
1026 3020 1195 3082 sogeusnnta
1204 3015 1300 3068 Boeo-

179 3085 230 3138 der
249 3088 415 3140 Vertrauten
434 3082 482 3133 des
499 3073 619 3147 Kdnigs’.
655 3082 713 3132 Der
762 3079 834 3134 tisch
853 3113 864 3121 -
884 3081 1075 3136 Corinthische
1112 3083 1199 3151 Krieg
1241 3099 1299 3137 rou

180 3155 298 3210 Verrath
317 3151 577 3221 desTisssphsrnos
594 3167 653 3202 war
667 3151 713 3218 je·
762 3150 908 3205 ata-387.

179 3226 250 3278 doch
269 3224 439 3293 keinsswegs
459 3221 606 3285 eruissem
624 3220 711 3274 falech
797 3217 833 3280 3,
844 3223 868 3273 1.
878 3226 935 3273 turn
948 3250 982 3260 -
992 3237 1074 3287 quarn
1082 3241 1104 3274 s.
1114 3237 1148 3273 an
1158 3221 1191 3284 V,
1204 3227 1226 3285 1,
1235 3222 1262 3274 3.

179 3296 217 3348 ist
235 3296 410 3364 wenigstens‚
430 3293 494 3346 dass
514 3309 544 3343 ar
560 3291 604 3344 die
624 3291 733 3345 Laos-1
796 3287 1167 3360 Multis-maritis‘wegen
1176 3286 1230 3346 -'.

179 3367 319 3419 diimonier
346 3381 404 3416 zum
430 3365 532 3431 Kriege
558 3364 713 3416 veranlasst
796 3360 890 3428 Cynos,
909 3359 959 3412 der
972 3361 1099 3429 hingem,
1118 3360 1226 3414 Bmder
1246 3359 1297 3413 des

180 3437 259 3487 habe.
295 3437 336 3487 Er
361 3433 448 3485 solbat
474 3433 594 3500 ktmptte
621 3439 715 3486 zusrst
760 3428 938 3497 Artaxerxes,
974 3433 1096 3501 empfirle
1123 3432 1181 3484 sloh
1206 3448 1297 3500 gegen

179 3521 267 3573 gegen
286 3501 440 3572 Agesilaus,
458 3503 512 3555 wis
532 3501 604 3571 Nep.
624 3502 712 3569 xvii,
763 3500 865 3564 diesen,
875 3500 922 3552 fiel
933 3500 999 3553 aher
1008 3501 1035 3552 in
1045 3501 1096 3553 dsr
1105 3501 1236 3555 Schlacht
1248 3501 1295 3553 hei

179 3577 196 3625 2
215 3575 269 3625 und
287 3576 303 3627 3
322 3573 422 3639 richtig
443 3571 561 3633 erzdhlt3
580 3573 711 3639 underst,
761 3570 1129 3640 KunaxsamEuphratddl.

179 3643 219 3696 als
237 3660 268 3695 er
286 3645 335 3696 suf
349 3641 395 3693 die
405 3640 605 3710 Verlhumdung
619 3642 712 3694 seiher
797 3656 880 3708 opera
890 3657 912 3694 s.
923 3658 955 3693 au
966 3641 1014 3705 Vl,
1025 3645 1047 3708 1,
1060 3643 1084 3694 3.

179 3714 291 3782 Gegner
310 3711 388 3782 (395)
407 3712 589 3779 hingerichtet
597 3712 710 3764 worden
795 3713 821 3761 2.
848 3709 946 3763 missus
970 3710 1026 3762 ldse
1054 3709 1140 3762 durch
1167 3700 1225 3759 ‘als’
1245 3708 1296 3759 auf

178 3801 245 3848 war,
282 3782 391 3835 wandte
428 3781 487 3833 sich
514 3783 595 3850 Ages.
622 3799 710 3850 gegen
762 3779 816 3830 und
839 3779 924 3832 ordne
950 3780 1038 3833 dann:
1064 3777 1187 3842 occessit,
1217 3786 1296 3845 post-

178 3853 382 3907 Pharnahsaus.
409 3851 568 3904 Somitfaillt
582 3853 651 3905 anch
665 3851 709 3902 die
761 3849 962 3916 eoquomoenit
979 3851 1158 3919 (odregcm),
1175 3848 1296 3916 pmrnum

178 3924 299 3977 nschher
308 3921 429 3975 eraiihlte
439 3921 570 3991 Sendung
580 3921 629 3976 des
639 3922 707 3974 Con.
760 3919 798 3970 ad
808 3920 988 3973 chiliarchum
998 3927 1047 3975 cet.
1068 3921 1125 3972 Dar
1132 3919 1295 3971 Nebsusatx

178 3992 493 4046 anArtsxerxesbereits
501 3991 528 4044 in
539 3992 588 4045 das
594 3994 620 4050 J.
630 3993 690 4045 395.
758 3998 935 4058 posteaquam
944 3992 1020 4043 uenit
1029 3986 1297 4044 resumpsimu-

211 4063 285 4115 hunc
304 4065 445 4126 ademarus,
464 4062 519 4131 vgl.
536 4064 609 4116 hunc
626 4063 709 4114 lecto
760 4068 843 4115 stant.
854 4078 887 4114 m.
898 4059 1198 4130 Prip.wardsn.—eoe
1208 4075 1294 4125 more,

179 4135 297 4197 1v,e‚e.
315 4165 348 4175 —
363 4134 474 4186 habitus
489 4140 589 4187 estest.
624 4133 709 4186 Jensr
759 4131 814 4199 vgl.
835 4148 869 4182 era
884 4139 965 4198 pacto
984 4131 1005 4196 1,
1017 4134 1083 4197 2,4;
1101 4149 1136 4183 ex
1154 4129 1296 4182 sententia

177 4200 252 4268 galt
270 4218 319 4254 nur
338 4202 382 4256 idr
400 4204 452 4256 dsn
468 4203 631 4264 Feldhsrrn,
650 4202 709 4253 dis·
760 4200 823 4265 Vll,
835 4204 859 4264 t,
870 4202 895 4253 1.

178 4287 224 4323 ser
242 4287 300 4322 war
313 4289 342 4324 es
360 4273 392 4324 in
411 4272 577 4325 der'l'hat.
613 4271 708 4324 Uebar
794 4269 968 4336 chiliarchus,
980 4265 1296 4340 prllupgoc‘chiliarch',

178 4341 287 4409 quidem
296 4359 319 4392 s.
330 4357 363 4393 zu
373 4344 409 4403 11,
421 4343 462 4407 10,
472 4343 499 4394 3.
759 4339 904 4408 eigcntlich
918 4340 960 4393 ein
971 4341 1155 4394 Obsrstiihar
1166 4338 1242 4392 1000.

212 4413 237 4467 3.
255 4410 322 4473 Hie,
345 4411 450 4465 Conon.
469 4439 504 4448 -
521 4409 637 4461 multum
654 4409 708 4461 wie
794 4411 914 4463 ostendit
922 4406 1022 4481 ‘zeigte
1031 4427 1075 4473 sn,
1087 4402 1224 4462 erklirts'.

176 4479 200 4544 1,
211 4481 236 4546 8,
254 4486 280 4536 2.
293 4508 327 4521 -
338 4481 444 4533 Betone
462 4480 557 4531 ducem
574 4496 708 4531 summum
793 4480 853 4534 sine
874 4482 926 4533 lsoe
944 4482 971 4537 d.
995 4481 1021 4533 h.
1040 4481 1111 4533 ohne
1128 4480 1205 4533 disse
1223 4475 1295 4531 Μοί-

176 4545 237 4603 ‘den
255 4568 286 4605 ro
302 4548 707 4622 ausgszeichnetsnlleldhsrrn
760 4550 834 4620 dung
843 4552 912 4604 heim
925 4551 1106 4604 Chiliarchau.
