<?xml version="1.0" encoding="UTF-8"?>
<!DOCTYPE html PUBLIC "-//W3C//DTD XHTML 1.0 Transitional//EN"
    "http://www.w3.org/TR/xhtml1/DTD/xhtml1-transitional.dtd">
<html xmlns="http://www.w3.org/1999/xhtml" xml:lang="en" lang="en">
 <head>
  <title>
</title>
<meta http-equiv="Content-Type" content="text/html;charset=utf-8" />
  <meta name='ocr-system' content='tesseract 3.04.00' />
  <meta name='ocr-capabilities' content='ocr_page ocr_carea ocr_par ocr_line ocrx_word'/>
</head>
<body>
  <div class='ocr_page' id='page_1' title='image "./corneliusneposf00nepogoog_0122.png"; bbox 0 0 2744 5056; ppageno 0'>
   <div class='ocr_carea' id='block_1_1' title="bbox 1294 29 1370 371">
    <p class='ocr_par' dir='ltr' id='par_1_1' title="bbox 1294 29 1370 371">
     <span class='ocr_line' id='line_1_1' title="bbox 1332 29 1370 371; baseline 0 -24"><span class='ocrx_word' id='word_1_1' title='bbox 1332 29 1370 371; x_wconf 79' lang='grc' dir='ltr'><strong>,ΙΙ</strong></span> 
     </span>
     <span class='ocr_line' id='line_1_2' title="bbox 1294 360 1343 369; baseline -0.041 0"><span class='ocrx_word' id='word_1_2' title='bbox 1294 362 1301 369; x_wconf 78' lang='lat'><em>-</em></span> <span class='ocrx_word' id='word_1_3' title='bbox 1338 360 1343 367; x_wconf 78' lang='grc' dir='ltr'>ι</span> 
     </span>
    </p>
   </div>
   <div class='ocr_carea' id='block_1_2' title="bbox 216 731 1031 799">
    <p class='ocr_par' dir='ltr' id='par_1_2' title="bbox 216 731 1031 799">
     <span class='ocr_line' id='line_1_3' title="bbox 216 731 1031 799; baseline 0.004 -3"><span class='ocrx_word' id='word_1_4' title='bbox 216 731 277 796; x_wconf 88' lang='grc'><strong>100</strong></span> <span class='ocrx_word' id='word_1_5' title='bbox 521 743 587 798; x_wconf 84' lang='lat' dir='ltr'><strong>=xV.</strong></span> <span class='ocrx_word' id='word_1_6' title='bbox 604 741 868 799; x_wconf 72' lang='lat' dir='ltr'><strong>EPAMINONDAS</strong></span> <span class='ocrx_word' id='word_1_7' title='bbox 886 740 955 797; x_wconf 74' lang='lat' dir='ltr'><strong>GAP</strong></span> <span class='ocrx_word' id='word_1_8' title='bbox 990 749 1031 799; x_wconf 80' lang='lat' dir='ltr'><strong>ro.</strong></span> 
     </span>
    </p>
   </div>
   <div class='ocr_carea' id='block_1_3' title="bbox 177 911 1340 1063">
    <p class='ocr_par' dir='ltr' id='par_1_3' title="bbox 177 911 1340 1063">
     <span class='ocr_line' id='line_1_4' title="bbox 177 911 1340 997; baseline 0.001 -17"><span class='ocrx_word' id='word_1_9' title='bbox 177 922 276 981; x_wconf 73' lang='lat' dir='ltr'><strong>otios.</strong></span> <span class='ocrx_word' id='word_1_10' title='bbox 300 918 333 979; x_wconf 93' lang='lat' dir='ltr'><strong>ld</strong></span> <span class='ocrx_word' id='word_1_11' title='bbox 353 925 509 997; x_wconf 78' lang='lat' dir='ltr'>postquam</span> <span class='ocrx_word' id='word_1_12' title='bbox 530 916 654 988; x_wconf 88' lang='lat' dir='ltr'><strong>audivit,</strong></span> <span class='ocrx_word' id='word_1_13' title='bbox 680 911 779 979; x_wconf 84' lang='lat' dir='ltr'><strong>‘Satis&#39;</strong></span> <span class='ocrx_word' id='word_1_14' title='bbox 799 917 896 993; x_wconf 93' lang='lat' dir='ltr'><strong>inquit</strong></span> <span class='ocrx_word' id='word_1_15' title='bbox 918 917 1002 989; x_wconf 81' lang='lat' dir='ltr'><strong>‘vixi3</strong></span> <span class='ocrx_word' id='word_1_16' title='bbox 1026 916 1151 977; x_wconf 87' lang='lat' dir='ltr'><strong>invictus</strong></span> <span class='ocrx_word' id='word_1_17' title='bbox 1173 920 1254 979; x_wconf 93' lang='lat' dir='ltr'><strong>enim</strong></span> <span class='ocrx_word' id='word_1_18' title='bbox 1271 939 1340 981; x_wconf 90' lang='lat' dir='ltr'><strong>mo-</strong></span> 
     </span>
     <span class='ocr_line' id='line_1_5' title="bbox 212 998 1083 1063; baseline -0.003 0"><span class='ocrx_word' id='word_1_19' title='bbox 212 998 295 1063; x_wconf 71' lang='lat' dir='ltr'><strong>rior?</strong></span> <span class='ocrx_word' id='word_1_20' title='bbox 324 1002 399 1062; x_wconf 89' lang='lat' dir='ltr'><strong>Tum</strong></span> <span class='ocrx_word' id='word_1_21' title='bbox 414 1001 495 1062; x_wconf 83' lang='lat' dir='ltr'><strong>ferro</strong></span> <span class='ocrx_word' id='word_1_22' title='bbox 511 1009 642 1063; x_wconf 81' lang='lat' dir='ltr'><strong>extracto</strong></span> <span class='ocrx_word' id='word_1_23' title='bbox 658 1001 814 1063; x_wconf 80' lang='lat' dir='ltr'><strong>confestim</strong></span> <span class='ocrx_word' id='word_1_24' title='bbox 830 1002 1014 1062; x_wconf 82' lang='lat' dir='ltr'><strong>exanimatus</strong></span> <span class='ocrx_word' id='word_1_25' title='bbox 1029 1007 1083 1062; x_wconf 88' lang='lat' dir='ltr'><strong>est.</strong></span> 
     </span>
    </p>
   </div>
   <div class='ocr_carea' id='block_1_4' title="bbox 177 1085 1334 1674">
    <p class='ocr_par' dir='ltr' id='par_1_4' title="bbox 298 1085 1332 1166">
     <span class='ocr_line' id='line_1_6' title="bbox 298 1085 1332 1166; baseline 0.006 -21"><span class='ocrx_word' id='word_1_26' title='bbox 298 1086 348 1146; x_wconf 85' lang='lat'><strong>10.</strong></span> <span class='ocrx_word' id='word_1_27' title='bbox 364 1085 554 1147; x_wconf 79' lang='lat' dir='ltr'><strong>{tremorem</strong></span> <span class='ocrx_word' id='word_1_28' title='bbox 567 1104 717 1166; x_wconf 90' lang='lat' dir='ltr'><strong>nunquam</strong></span> <span class='ocrx_word' id='word_1_29' title='bbox 729 1086 825 1147; x_wconf 85' lang='lat' dir='ltr'><strong>duxit.</strong></span> <span class='ocrx_word' id='word_1_30' title='bbox 847 1085 880 1144; x_wconf 92' lang='lat' dir='ltr'><strong>In</strong></span> <span class='ocrx_word' id='word_1_31' title='bbox 893 1101 953 1163; x_wconf 93' lang='lat' dir='ltr'><strong>quo</strong></span> <span class='ocrx_word' id='word_1_32' title='bbox 967 1103 1034 1146; x_wconf 84' lang='lat' dir='ltr'><strong>oum</strong></span> <span class='ocrx_word' id='word_1_33' title='bbox 1046 1085 1332 1163; x_wconf 81' lang='lat' dir='ltr'><strong>reprehenderetur,</strong></span> 
     </span>
    </p>

    <p class='ocr_par' dir='ltr' id='par_1_5' title="bbox 177 1167 1334 1674">
     <span class='ocr_line' id='line_1_7' title="bbox 212 1167 1334 1250; baseline 0.002 -18"><span class='ocrx_word' id='word_1_34' title='bbox 212 1170 291 1250; x_wconf 92' lang='lat' dir='ltr'><strong>quod</strong></span> <span class='ocrx_word' id='word_1_35' title='bbox 312 1169 423 1231; x_wconf 89' lang='lat' dir='ltr'><strong>liberos</strong></span> <span class='ocrx_word' id='word_1_36' title='bbox 445 1187 505 1231; x_wconf 91' lang='lat' dir='ltr'><strong>non</strong></span> <span class='ocrx_word' id='word_1_37' title='bbox 526 1169 729 1249; x_wconf 90' lang='lat' dir='ltr'><strong>relinqueret,</strong></span> <span class='ocrx_word' id='word_1_38' title='bbox 750 1167 935 1247; x_wconf 89' lang='lat' dir='ltr'><strong>aPelopida,</strong></span> <span class='ocrx_word' id='word_1_39' title='bbox 952 1171 1003 1249; x_wconf 93' lang='lat' dir='ltr'><strong>qui</strong></span> <span class='ocrx_word' id='word_1_40' title='bbox 1017 1169 1111 1231; x_wconf 87' lang='lat' dir='ltr'><strong>tilium</strong></span> <span class='ocrx_word' id='word_1_41' title='bbox 1139 1169 1272 1233; x_wconf 90' lang='lat' dir='ltr'><strong>habehat</strong></span> <span class='ocrx_word' id='word_1_42' title='bbox 1287 1175 1334 1235; x_wconf 92' lang='lat' dir='ltr'><strong>in·</strong></span> 
     </span>
     <span class='ocr_line' id='line_1_8' title="bbox 178 1252 1334 1333; baseline 0.001 -14"><span class='ocrx_word' id='word_1_43' title='bbox 178 1257 334 1329; x_wconf 76' lang='lat' dir='ltr'><strong>eiamem,</strong></span> <span class='ocrx_word' id='word_1_44' title='bbox 356 1252 493 1331; x_wconf 90' lang='lat' dir='ltr'><strong>maleque</strong></span> <span class='ocrx_word' id='word_1_45' title='bbox 514 1272 581 1315; x_wconf 91' lang='lat' dir='ltr'><strong>eum</strong></span> <span class='ocrx_word' id='word_1_46' title='bbox 604 1257 636 1314; x_wconf 93' lang='lat' dir='ltr'><strong>in</strong></span> <span class='ocrx_word' id='word_1_47' title='bbox 658 1273 693 1316; x_wconf 90' lang='lat' dir='ltr'><strong>eo</strong></span> <span class='ocrx_word' id='word_1_48' title='bbox 716 1255 831 1333; x_wconf 82' lang='lat' dir='ltr'><strong>patriae</strong></span> <span class='ocrx_word' id='word_1_49' title='bbox 853 1253 1011 1315; x_wconf 83' lang='lat' dir='ltr'><strong>consulere</strong></span> <span class='ocrx_word' id='word_1_50' title='bbox 1032 1254 1160 1331; x_wconf 90' lang='lat' dir='ltr'><strong>diceret,</strong></span> <span class='ocrx_word' id='word_1_51' title='bbox 1178 1253 1272 1317; x_wconf 86' lang='lat' dir='ltr'><strong>‘Vide&#39;</strong></span> <span class='ocrx_word' id='word_1_52' title='bbox 1286 1261 1334 1319; x_wconf 94' lang='lat' dir='ltr'><strong>in-</strong></span> 
     </span>
     <span class='ocr_line' id='line_1_9' title="bbox 212 1337 1333 1419; baseline 0.005 -19"><span class='ocrx_word' id='word_1_53' title='bbox 212 1342 275 1419; x_wconf 90' lang='lat' dir='ltr'><strong>quit</strong></span> <span class='ocrx_word' id='word_1_54' title='bbox 294 1339 342 1400; x_wconf 85' lang='lat' dir='ltr'><strong>‘ne</strong></span> <span class='ocrx_word' id='word_1_55' title='bbox 361 1346 394 1399; x_wconf 89' lang='lat' dir='ltr'><strong>tu</strong></span> <span class='ocrx_word' id='word_1_56' title='bbox 413 1340 499 1418; x_wconf 92' lang='lat' dir='ltr'><strong>peius</strong></span> <span class='ocrx_word' id='word_1_57' title='bbox 519 1337 671 1409; x_wconf 89' lang='lat' dir='ltr'><strong>consulas,</strong></span> <span class='ocrx_word' id='word_1_58' title='bbox 692 1340 744 1416; x_wconf 95' lang='lat' dir='ltr'><strong>qui</strong></span> <span class='ocrx_word' id='word_1_59' title='bbox 761 1337 852 1400; x_wconf 89' lang='lat' dir='ltr'><strong>talem</strong></span> <span class='ocrx_word' id='word_1_60' title='bbox 874 1355 910 1399; x_wconf 84' lang='lat' dir='ltr'><strong>ex</strong></span> <span class='ocrx_word' id='word_1_61' title='bbox 931 1347 961 1400; x_wconf 88' lang='lat' dir='ltr'><strong>te</strong></span> <span class='ocrx_word' id='word_1_62' title='bbox 982 1345 1084 1399; x_wconf 89' lang='lat' dir='ltr'><strong>natum</strong></span> <span class='ocrx_word' id='word_1_63' title='bbox 1105 1338 1267 1402; x_wconf 84' lang='lat' dir='ltr'><strong>relicturus</strong></span> <span class='ocrx_word' id='word_1_64' title='bbox 1281 1344 1333 1405; x_wconf 91' lang='lat' dir='ltr'><strong>sis.</strong></span> 
     </span>
     <span class='ocr_line' id='line_1_10' title="bbox 211 1421 1332 1502; baseline 0.002 -16"><span class='ocrx_word' id='word_1_65' title='bbox 211 1425 315 1502; x_wconf 88' lang='lat' dir='ltr'><strong>Neque</strong></span> <span class='ocrx_word' id='word_1_66' title='bbox 335 1440 406 1483; x_wconf 88' lang='lat' dir='ltr'><strong>vero</strong></span> <span class='ocrx_word' id='word_1_67' title='bbox 427 1424 517 1500; x_wconf 87' lang='lat' dir='ltr'><strong>stirps</strong></span> <span class='ocrx_word' id='word_1_68' title='bbox 538 1422 611 1483; x_wconf 91' lang='lat' dir='ltr'><strong>mihi</strong></span> <span class='ocrx_word' id='word_1_69' title='bbox 632 1430 731 1501; x_wconf 92' lang='lat' dir='ltr'><strong>potest</strong></span> <span class='ocrx_word' id='word_1_70' title='bbox 750 1423 865 1484; x_wconf 88' lang='lat' dir='ltr'><strong>deesse.</strong></span> <span class='ocrx_word' id='word_1_71' title='bbox 900 1421 1035 1500; x_wconf 87' lang='lat' dir='ltr'><strong>Namque</strong></span> <span class='ocrx_word' id='word_1_72' title='bbox 1057 1442 1093 1483; x_wconf 82' lang='lat' dir='ltr'><strong>ex</strong></span> <span class='ocrx_word' id='word_1_73' title='bbox 1107 1442 1154 1485; x_wconf 93' lang='lat' dir='ltr'><strong>me</strong></span> <span class='ocrx_word' id='word_1_74' title='bbox 1170 1432 1269 1487; x_wconf 88' lang='lat' dir='ltr'><strong>natam</strong></span> <span class='ocrx_word' id='word_1_75' title='bbox 1285 1445 1332 1489; x_wconf 93' lang='lat' dir='ltr'><strong>re·</strong></span> 
     </span>
     <span class='ocr_line' id='line_1_11' title="bbox 211 1506 1332 1588; baseline 0.004 -20"><span class='ocrx_word' id='word_1_76' title='bbox 211 1508 313 1588; x_wconf 92' lang='lat' dir='ltr'><strong>linquo</strong></span> <span class='ocrx_word' id='word_1_77' title='bbox 341 1524 471 1588; x_wconf 81' lang='lat' dir='ltr'><strong>pugnem</strong></span> <span class='ocrx_word' id='word_1_78' title='bbox 490 1506 692 1584; x_wconf 84' lang='lat' dir='ltr'><strong>Leuctricam,</strong></span> <span class='ocrx_word' id='word_1_79' title='bbox 720 1524 796 1584; x_wconf 91' lang='lat' dir='ltr'><strong>quae</strong></span> <span class='ocrx_word' id='word_1_80' title='bbox 816 1523 877 1566; x_wconf 94' lang='lat' dir='ltr'><strong>non</strong></span> <span class='ocrx_word' id='word_1_81' title='bbox 893 1507 982 1567; x_wconf 92' lang='lat' dir='ltr'><strong>modo</strong></span> <span class='ocrx_word' id='word_1_82' title='bbox 1003 1507 1075 1567; x_wconf 92' lang='lat' dir='ltr'><strong>mihi</strong></span> <span class='ocrx_word' id='word_1_83' title='bbox 1092 1517 1253 1587; x_wconf 86' lang='lat' dir='ltr'><strong>superstes,</strong></span> <span class='ocrx_word' id='word_1_84' title='bbox 1277 1513 1332 1574; x_wconf 86' lang='lat' dir='ltr'><strong>sed</strong></span> 
     </span>
     <span class='ocr_line' id='line_1_12' title="bbox 177 1585 1331 1674; baseline 0.001 -20"><span class='ocrx_word' id='word_1_85' title='bbox 177 1595 301 1656; x_wconf 77' lang='lat' dir='ltr'><strong>:tetiam</strong></span> <span class='ocrx_word' id='word_1_86' title='bbox 327 1589 503 1651; x_wconf 78' lang='lat' dir='ltr'><strong>immortalis</strong></span> <span class='ocrx_word' id='word_1_87' title='bbox 529 1593 566 1653; x_wconf 88' lang='lat' dir='ltr'><strong>sit</strong></span> <span class='ocrx_word' id='word_1_88' title='bbox 593 1609 716 1652; x_wconf 89' lang='lat' dir='ltr'><strong>neeesse</strong></span> <span class='ocrx_word' id='word_1_89' title='bbox 744 1585 806 1652; x_wconf 90' lang='lat' dir='ltr'><strong>est&#39;.</strong></span> <span class='ocrx_word' id='word_1_90' title='bbox 845 1587 909 1658; x_wconf 83' lang='lat' dir='ltr'><strong>Ouo</strong></span> <span class='ocrx_word' id='word_1_91' title='bbox 930 1600 1067 1669; x_wconf 87' lang='lat' dir='ltr'><strong>tempore</strong></span> <span class='ocrx_word' id='word_1_92' title='bbox 1092 1591 1167 1653; x_wconf 91' lang='lat' dir='ltr'><strong>duoe</strong></span> <span class='ocrx_word' id='word_1_93' title='bbox 1187 1592 1331 1674; x_wconf 89' lang='lat' dir='ltr'><strong>Pelopida</strong></span> 
     </span>
    </p>
   </div>
   <div class='ocr_carea' id='block_1_5' title="bbox 175 1673 1335 2598">
    <p class='ocr_par' dir='ltr' id='par_1_6' title="bbox 209 1673 1335 2091">
     <span class='ocr_line' id='line_1_13' title="bbox 212 1673 1335 1755; baseline 0.004 -17"><span class='ocrx_word' id='word_1_94' title='bbox 212 1676 329 1738; x_wconf 81' lang='lat' dir='ltr'><strong>exsules</strong></span> <span class='ocrx_word' id='word_1_95' title='bbox 340 1673 457 1755; x_wconf 85' lang='lat' dir='ltr'><strong>Thehas</strong></span> <span class='ocrx_word' id='word_1_96' title='bbox 469 1685 655 1755; x_wconf 83' lang='lat' dir='ltr'><strong>occuparunt</strong></span> <span class='ocrx_word' id='word_1_97' title='bbox 669 1684 697 1736; x_wconf 92' lang='lat' dir='ltr'><strong>et</strong></span> <span class='ocrx_word' id='word_1_98' title='bbox 707 1676 889 1754; x_wconf 90' lang='lat' dir='ltr'><strong>praesidium</strong></span> <span class='ocrx_word' id='word_1_99' title='bbox 901 1674 1205 1737; x_wconf 81' lang='lat' dir='ltr'><strong>Lacedaemoniorum</strong></span> <span class='ocrx_word' id='word_1_100' title='bbox 1218 1697 1254 1739; x_wconf 83' lang='lat' dir='ltr'><strong>ex</strong></span> <span class='ocrx_word' id='word_1_101' title='bbox 1263 1698 1335 1742; x_wconf 89' lang='lat' dir='ltr'><strong>aree</strong></span> 
     </span>
     <span class='ocr_line' id='line_1_14' title="bbox 212 1759 1332 1839; baseline 0.003 -15"><span class='ocrx_word' id='word_1_102' title='bbox 212 1761 400 1839; x_wconf 82' lang='lat' dir='ltr'><strong>expulerunt,</strong></span> <span class='ocrx_word' id='word_1_103' title='bbox 416 1759 651 1837; x_wconf 88' lang='lat' dir='ltr'><strong>Epaminondas,</strong></span> <span class='ocrx_word' id='word_1_104' title='bbox 668 1760 809 1837; x_wconf 90' lang='lat' dir='ltr'><strong>quamdiu</strong></span> <span class='ocrx_word' id='word_1_105' title='bbox 828 1759 904 1820; x_wconf 82' lang='lat' dir='ltr'><strong>faeta</strong></span> <span class='ocrx_word' id='word_1_106' title='bbox 921 1767 965 1821; x_wconf 92' lang='lat' dir='ltr'><strong>est</strong></span> <span class='ocrx_word' id='word_1_107' title='bbox 981 1759 1087 1821; x_wconf 84' lang='lat' dir='ltr'><strong>caedes</strong></span> <span class='ocrx_word' id='word_1_108' title='bbox 1103 1762 1223 1832; x_wconf 86' lang='lat' dir='ltr'><strong>otvium,</strong></span> <span class='ocrx_word' id='word_1_109' title='bbox 1242 1763 1332 1828; x_wconf 90' lang='lat' dir='ltr'><strong>domo</strong></span> 
     </span>
     <span class='ocr_line' id='line_1_15' title="bbox 211 1842 1334 1924; baseline 0.005 -20"><span class='ocrx_word' id='word_1_110' title='bbox 211 1863 243 1906; x_wconf 89' lang='lat' dir='ltr'><strong>se</strong></span> <span class='ocrx_word' id='word_1_111' title='bbox 258 1845 368 1920; x_wconf 90' lang='lat' dir='ltr'><strong>tenuit,</strong></span> <span class='ocrx_word' id='word_1_112' title='bbox 383 1842 462 1920; x_wconf 90' lang='lat' dir='ltr'><strong>quod</strong></span> <span class='ocrx_word' id='word_1_113' title='bbox 478 1861 574 1924; x_wconf 93' lang='lat' dir='ltr'><strong>neque</strong></span> <span class='ocrx_word' id='word_1_114' title='bbox 595 1843 758 1906; x_wconf 74' lang='lat' dir='ltr'><strong>defendere</strong></span> <span class='ocrx_word' id='word_1_115' title='bbox 779 1842 875 1904; x_wconf 91' lang='lat' dir='ltr'><strong>malos</strong></span> <span class='ocrx_word' id='word_1_116' title='bbox 896 1842 1014 1904; x_wconf 87' lang='lat' dir='ltr'><strong>volebat</strong></span> <span class='ocrx_word' id='word_1_117' title='bbox 1028 1862 1126 1923; x_wconf 87' lang='lat' dir='ltr'><strong>neque</strong></span> <span class='ocrx_word' id='word_1_118' title='bbox 1141 1847 1334 1924; x_wconf 82' lang='lat' dir='ltr'><strong>impugnare,</strong></span> 
     </span>
     <span class='ocr_line' id='line_1_16' title="bbox 210 1926 1332 2006; baseline 0.004 -16"><span class='ocrx_word' id='word_1_119' title='bbox 210 1948 249 1990; x_wconf 93' lang='lat' dir='ltr'><strong>ne</strong></span> <span class='ocrx_word' id='word_1_120' title='bbox 270 1947 375 1991; x_wconf 90' lang='lat' dir='ltr'><strong>manus</strong></span> <span class='ocrx_word' id='word_1_121' title='bbox 396 1945 519 1989; x_wconf 89' lang='lat' dir='ltr'><strong>suorum</strong></span> <span class='ocrx_word' id='word_1_122' title='bbox 541 1931 685 2006; x_wconf 83' lang='lat' dir='ltr'><strong>sanguine</strong></span> <span class='ocrx_word' id='word_1_123' title='bbox 708 1936 890 1992; x_wconf 81' lang='lat' dir='ltr'><strong>cruentaret.</strong></span> <span class='ocrx_word' id='word_1_124' title='bbox 925 1926 1060 2005; x_wconf 90' lang='lat' dir='ltr'><strong>Namque</strong></span> <span class='ocrx_word' id='word_1_125' title='bbox 1078 1947 1198 1990; x_wconf 91' lang='lat' dir='ltr'><strong>omnem</strong></span> <span class='ocrx_word' id='word_1_126' title='bbox 1213 1932 1332 1995; x_wconf 78' lang='lat' dir='ltr'><strong>civilem</strong></span> 
     </span>
     <span class='ocr_line' id='line_1_17' title="bbox 209 2011 1332 2091; baseline 0.004 -17"><span class='ocrx_word' id='word_1_127' title='bbox 209 2016 363 2074; x_wconf 88' lang='lat' dir='ltr'><strong>victoriam</strong></span> <span class='ocrx_word' id='word_1_128' title='bbox 378 2013 525 2073; x_wconf 83' lang='lat' dir='ltr'><strong>funestam</strong></span> <span class='ocrx_word' id='word_1_129' title='bbox 541 2011 675 2091; x_wconf 90' lang='lat' dir='ltr'><strong>putabat.</strong></span> <span class='ocrx_word' id='word_1_130' title='bbox 703 2012 803 2081; x_wconf 92' lang='lat' dir='ltr'><strong>Idem,</strong></span> <span class='ocrx_word' id='word_1_131' title='bbox 825 2023 984 2091; x_wconf 91' lang='lat' dir='ltr'><strong>postquam</strong></span> <span class='ocrx_word' id='word_1_132' title='bbox 1001 2012 1079 2090; x_wconf 85' lang='lat' dir='ltr'><strong>apud</strong></span> <span class='ocrx_word' id='word_1_133' title='bbox 1095 2014 1247 2075; x_wconf 85' lang='lat' dir='ltr'><strong>Cadmtam</strong></span> <span class='ocrx_word' id='word_1_134' title='bbox 1263 2035 1332 2079; x_wconf 89' lang='lat' dir='ltr'><strong>oum</strong></span> 
     </span>
    </p>

    <p class='ocr_par' dir='ltr' id='par_1_7' title="bbox 175 2096 1332 2598">
     <span class='ocr_line' id='line_1_18' title="bbox 175 2096 1331 2177; baseline 0.002 -16"><span class='ocrx_word' id='word_1_135' title='bbox 175 2097 452 2161; x_wconf 71' lang='lat' dir='ltr'><strong>ehaoedaemoniis</strong></span> <span class='ocrx_word' id='word_1_136' title='bbox 472 2113 570 2176; x_wconf 80' lang='lat' dir='ltr'><strong>pugna</strong></span> <span class='ocrx_word' id='word_1_137' title='bbox 593 2099 705 2177; x_wconf 85' lang='lat' dir='ltr'><strong>coepit,</strong></span> <span class='ocrx_word' id='word_1_138' title='bbox 727 2097 884 2176; x_wconf 92' lang='lat' dir='ltr'><strong>inprimis</strong></span> <span class='ocrx_word' id='word_1_139' title='bbox 907 2099 999 2157; x_wconf 90' lang='lat' dir='ltr'><strong>stetit.</strong></span> <span class='ocrx_word' id='word_1_140' title='bbox 1038 2096 1133 2159; x_wconf 92' lang='lat' dir='ltr'><strong>Huius</strong></span> <span class='ocrx_word' id='word_1_141' title='bbox 1154 2098 1191 2159; x_wconf 94' lang='lat' dir='ltr'><strong>de</strong></span> <span class='ocrx_word' id='word_1_142' title='bbox 1213 2101 1331 2163; x_wconf 87' lang='lat' dir='ltr'><strong>virtuti·</strong></span> 
     </span>
     <span class='ocr_line' id='line_1_19' title="bbox 209 2180 1331 2261; baseline 0.005 -19"><span class='ocrx_word' id='word_1_143' title='bbox 209 2183 267 2242; x_wconf 91' lang='lat' dir='ltr'><strong>hus</strong></span> <span class='ocrx_word' id='word_1_144' title='bbox 286 2184 403 2261; x_wconf 86' lang='lat' dir='ltr'><strong>vitaque</strong></span> <span class='ocrx_word' id='word_1_145' title='bbox 418 2182 489 2242; x_wconf 89' lang='lat' dir='ltr'><strong>satis</strong></span> <span class='ocrx_word' id='word_1_146' title='bbox 505 2183 562 2242; x_wconf 88' lang='lat' dir='ltr'><strong>erit</strong></span> <span class='ocrx_word' id='word_1_147' title='bbox 574 2181 698 2251; x_wconf 84' lang='lat' dir='ltr'><strong>dietum,</strong></span> <span class='ocrx_word' id='word_1_148' title='bbox 721 2182 746 2242; x_wconf 90' lang='lat' dir='ltr'><strong>si</strong></span> <span class='ocrx_word' id='word_1_149' title='bbox 760 2180 818 2241; x_wconf 90' lang='lat' dir='ltr'><strong>hoo</strong></span> <span class='ocrx_word' id='word_1_150' title='bbox 833 2198 927 2242; x_wconf 94' lang='lat' dir='ltr'><strong>unum</strong></span> <span class='ocrx_word' id='word_1_151' title='bbox 944 2181 1122 2251; x_wconf 82' lang='lat' dir='ltr'><strong>adiunxero,</strong></span> <span class='ocrx_word' id='word_1_152' title='bbox 1145 2182 1225 2259; x_wconf 93' lang='lat' dir='ltr'><strong>quod</strong></span> <span class='ocrx_word' id='word_1_153' title='bbox 1241 2203 1331 2247; x_wconf 91' lang='lat' dir='ltr'><strong>nemo</strong></span> 
     </span>
     <span class='ocr_line' id='line_1_20' title="bbox 209 2264 1330 2345; baseline 0.006 -19"><span class='ocrx_word' id='word_1_154' title='bbox 209 2269 233 2327; x_wconf 90' lang='lat' dir='ltr'><strong>it</strong></span> <span class='ocrx_word' id='word_1_155' title='bbox 252 2265 376 2337; x_wconf 83' lang='lat' dir='ltr'><strong>infitias,</strong></span> <span class='ocrx_word' id='word_1_156' title='bbox 400 2264 518 2325; x_wconf 89' lang='lat' dir='ltr'><strong>Thebas</strong></span> <span class='ocrx_word' id='word_1_157' title='bbox 539 2273 569 2326; x_wconf 87' lang='lat' dir='ltr'><strong>et</strong></span> <span class='ocrx_word' id='word_1_158' title='bbox 590 2273 658 2327; x_wconf 92' lang='lat' dir='ltr'><strong>ante</strong></span> <span class='ocrx_word' id='word_1_159' title='bbox 680 2265 918 2345; x_wconf 89' lang='lat' dir='ltr'><strong>Epaminondam</strong></span> <span class='ocrx_word' id='word_1_160' title='bbox 940 2273 1041 2325; x_wconf 90' lang='lat' dir='ltr'><strong>natum</strong></span> <span class='ocrx_word' id='word_1_161' title='bbox 1063 2274 1092 2326; x_wconf 93' lang='lat' dir='ltr'><strong>et</strong></span> <span class='ocrx_word' id='word_1_162' title='bbox 1112 2275 1181 2344; x_wconf 87' lang='lat' dir='ltr'><strong>post</strong></span> <span class='ocrx_word' id='word_1_163' title='bbox 1195 2269 1330 2332; x_wconf 91' lang='lat' dir='ltr'><strong>eiusdem</strong></span> 
     </span>
     <span class='ocr_line' id='line_1_21' title="bbox 209 2349 1332 2430; baseline 0.004 -19"><span class='ocrx_word' id='word_1_164' title='bbox 209 2351 363 2411; x_wconf 93' lang='lat' dir='ltr'><strong>interitum</strong></span> <span class='ocrx_word' id='word_1_165' title='bbox 374 2358 519 2427; x_wconf 88' lang='lat' dir='ltr'><strong>perpetuo</strong></span> <span class='ocrx_word' id='word_1_166' title='bbox 532 2349 629 2410; x_wconf 92' lang='lat' dir='ltr'><strong>alieno</strong></span> <span class='ocrx_word' id='word_1_167' title='bbox 641 2351 777 2428; x_wconf 89' lang='lat' dir='ltr'><strong>paruisse</strong></span> <span class='ocrx_word' id='word_1_168' title='bbox 788 2351 932 2427; x_wconf 90' lang='lat' dir='ltr'><strong>imperio,</strong></span> <span class='ocrx_word' id='word_1_169' title='bbox 949 2357 1054 2409; x_wconf 88' lang='lat' dir='ltr'><strong>eontra</strong></span> <span class='ocrx_word' id='word_1_170' title='bbox 1066 2368 1110 2424; x_wconf 89' lang='lat' dir='ltr'><strong>ea,</strong></span> <span class='ocrx_word' id='word_1_171' title='bbox 1126 2353 1268 2430; x_wconf 92' lang='lat' dir='ltr'><strong>quamdiu</strong></span> <span class='ocrx_word' id='word_1_172' title='bbox 1279 2353 1332 2416; x_wconf 90' lang='lat' dir='ltr'><strong>ille</strong></span> 
     </span>
     <span class='ocr_line' id='line_1_22' title="bbox 208 2432 1331 2516; baseline 0.003 -21"><span class='ocrx_word' id='word_1_173' title='bbox 208 2433 373 2513; x_wconf 80' lang='lat' dir='ltr'><strong>praefuerit</strong></span> <span class='ocrx_word' id='word_1_174' title='bbox 387 2433 432 2493; x_wconf 92' lang='lat' dir='ltr'><strong>rei</strong></span> <span class='ocrx_word' id='word_1_175' title='bbox 446 2432 594 2512; x_wconf 85' lang='lat' dir='ltr'><strong>publicae,</strong></span> <span class='ocrx_word' id='word_1_176' title='bbox 611 2443 699 2512; x_wconf 84' lang='lat' dir='ltr'><strong>eaput</strong></span> <span class='ocrx_word' id='word_1_177' title='bbox 713 2436 805 2495; x_wconf 83' lang='lat' dir='ltr'><strong>fuisse</strong></span> <span class='ocrx_word' id='word_1_178' title='bbox 822 2435 913 2494; x_wconf 91' lang='lat' dir='ltr'><strong>totius</strong></span> <span class='ocrx_word' id='word_1_179' title='bbox 930 2435 1082 2498; x_wconf 88' lang='lat' dir='ltr'><strong>Graeciae.</strong></span> <span class='ocrx_word' id='word_1_180' title='bbox 1109 2435 1152 2495; x_wconf 85' lang='lat' dir='ltr'><strong>Ex</strong></span> <span class='ocrx_word' id='word_1_181' title='bbox 1166 2454 1226 2516; x_wconf 95' lang='lat' dir='ltr'><strong>quo</strong></span> <span class='ocrx_word' id='word_1_182' title='bbox 1242 2439 1331 2500; x_wconf 90' lang='lat' dir='ltr'><strong>intel-</strong></span> 
     </span>
     <span class='ocr_line' id='line_1_23' title="bbox 208 2517 1148 2598; baseline 0.003 -20"><span class='ocrx_word' id='word_1_183' title='bbox 208 2518 267 2597; x_wconf 81' lang='lat' dir='ltr'><strong>legi</strong></span> <span class='ocrx_word' id='word_1_184' title='bbox 282 2524 380 2596; x_wconf 89' lang='lat' dir='ltr'><strong>potest</strong></span> <span class='ocrx_word' id='word_1_185' title='bbox 394 2534 486 2578; x_wconf 92' lang='lat' dir='ltr'><strong>unum</strong></span> <span class='ocrx_word' id='word_1_186' title='bbox 500 2518 652 2579; x_wconf 89' lang='lat' dir='ltr'><strong>hominem</strong></span> <span class='ocrx_word' id='word_1_187' title='bbox 667 2517 761 2597; x_wconf 91' lang='lat' dir='ltr'><strong>pluris</strong></span> <span class='ocrx_word' id='word_1_188' title='bbox 776 2537 865 2598; x_wconf 87' lang='lat' dir='ltr'><strong>quam</strong></span> <span class='ocrx_word' id='word_1_189' title='bbox 881 2519 1031 2579; x_wconf 83' lang='lat' dir='ltr'><strong>civitatem</strong></span> <span class='ocrx_word' id='word_1_190' title='bbox 1047 2519 1148 2581; x_wconf 83' lang='lat' dir='ltr'><strong>fuisse.</strong></span> 
     </span>
    </p>
   </div>
   <div class='ocr_carea' id='block_1_6' title="bbox 208 2714 1202 2857">
    <p class='ocr_par' dir='ltr' id='par_1_8' title="bbox 208 2714 1202 2857">
     <span class='ocr_line' id='line_1_24' title="bbox 242 2714 1202 2789; baseline -0.001 -17"><span class='ocrx_word' id='word_1_191' title='bbox 242 2719 304 2782; x_wconf 83' lang='lat'><strong>1⁰,</strong></span> <span class='ocrx_word' id='word_1_192' title='bbox 325 2719 348 2769; x_wconf 85' lang='lat' dir='ltr'><strong>l.</strong></span> <span class='ocrx_word' id='word_1_193' title='bbox 366 2718 463 2785; x_wconf 79' lang='lat' dir='ltr'><strong>laquo</strong></span> <span class='ocrx_word' id='word_1_194' title='bbox 474 2715 618 2771; x_wconf 78' lang='lat' dir='ltr'><strong>‘indiesem</strong></span> <span class='ocrx_word' id='word_1_195' title='bbox 625 2720 740 2789; x_wconf 85' lang='lat' dir='ltr'><strong>Pnnkte,</strong></span> <span class='ocrx_word' id='word_1_196' title='bbox 828 2718 935 2770; x_wconf 82' lang='lat' dir='ltr'><strong>civilem</strong></span> <span class='ocrx_word' id='word_1_197' title='bbox 943 2714 1021 2771; x_wconf 75' lang='lat' dir='ltr'><strong>‘tiber</strong></span> <span class='ocrx_word' id='word_1_198' title='bbox 1030 2716 1202 2789; x_wconf 82' lang='lat' dir='ltr'><strong>Mitbiirger’.</strong></span> 
     </span>
     <span class='ocr_line' id='line_1_25' title="bbox 208 2782 1081 2857; baseline 0.005 -17"><span class='ocrx_word' id='word_1_199' title='bbox 208 2782 312 2840; x_wconf 87' lang='lat' dir='ltr'><strong>hierin&#39;.</strong></span> <span class='ocrx_word' id='word_1_200' title='bbox 329 2786 441 2840; x_wconf 81' lang='lat' dir='ltr'><strong>Ebenso</strong></span> <span class='ocrx_word' id='word_1_201' title='bbox 451 2789 610 2841; x_wconf 82' lang='lat' dir='ltr'><strong>nachherin</strong></span> <span class='ocrx_word' id='word_1_202' title='bbox 621 2805 661 2841; x_wconf 87' lang='lat' dir='ltr'><strong>eo.</strong></span> <span class='ocrx_word' id='word_1_203' title='bbox 827 2789 903 2840; x_wconf 82' lang='lat' dir='ltr'><strong>idem</strong></span> <span class='ocrx_word' id='word_1_204' title='bbox 912 2786 966 2840; x_wconf 87' lang='lat' dir='ltr'><strong>wie</strong></span> <span class='ocrx_word' id='word_1_205' title='bbox 975 2788 1012 2852; x_wconf 87' lang='lat'><strong>11,</strong></span> <span class='ocrx_word' id='word_1_206' title='bbox 1023 2791 1049 2857; x_wconf 88' lang='lat'><strong>9,</strong></span> <span class='ocrx_word' id='word_1_207' title='bbox 1057 2791 1081 2843; x_wconf 84' lang='grc'><strong>3.</strong></span> 
     </span>
    </p>
   </div>
   <div class='ocr_carea' id='block_1_7' title="bbox 243 2858 1328 2944">
    <p class='ocr_par' dir='ltr' id='par_1_9' title="bbox 243 2858 1328 2944">
     <span class='ocr_line' id='line_1_26' title="bbox 243 2858 1328 2944; baseline -0.001 -19"><span class='ocrx_word' id='word_1_208' title='bbox 243 2874 346 2925; x_wconf 68' lang='lat' dir='ltr'><strong>erema</strong></span> <span class='ocrx_word' id='word_1_209' title='bbox 362 2868 488 2940; x_wconf 71' lang='lat' dir='ltr'><strong>‘dieser’,</strong></span> <span class='ocrx_word' id='word_1_210' title='bbox 506 2874 742 2944; x_wconf 67' lang='lat' dir='ltr'><strong>nenticnl‘etopi·</strong></span> <span class='ocrx_word' id='word_1_211' title='bbox 826 2861 851 2909; x_wconf 81' lang='lat'><strong>⁴·</strong></span> <span class='ocrx_word' id='word_1_212' title='bbox 871 2858 1027 2910; x_wconf 65' lang='lat' dir='ltr'><strong>aaronem</strong></span> <span class='ocrx_word' id='word_1_213' title='bbox 1042 2877 1065 2913; x_wconf 68' lang='grc' dir='ltr'><strong>ε·</strong></span> <span class='ocrx_word' id='word_1_214' title='bbox 1082 2858 1192 2925; x_wconf 67' lang='grc' dir='ltr'><strong>Π,9,4</strong></span> <span class='ocrx_word' id='word_1_215' title='bbox 1210 2859 1328 2925; x_wconf 70' lang='lat' dir='ltr'><strong>quomo·</strong></span> 
     </span>
    </p>
   </div>
   <div class='ocr_carea' id='block_1_8' title="bbox 206 2928 1248 3075">
    <p class='ocr_par' dir='ltr' id='par_1_10' title="bbox 206 2928 1248 3075">
     <span class='ocr_line' id='line_1_27' title="bbox 207 2928 1216 3014; baseline -0.008 -20"><span class='ocrx_word' id='word_1_216' title='bbox 207 2943 266 2996; x_wconf 84' lang='lat' dir='ltr'><strong>dae.</strong></span> <span class='ocrx_word' id='word_1_217' title='bbox 285 2941 348 3009; x_wconf 82' lang='lat' dir='ltr'><strong>Vgt.</strong></span> <span class='ocrx_word' id='word_1_218' title='bbox 366 2941 411 2993; x_wconf 91' lang='lat' dir='ltr'><strong>die</strong></span> <span class='ocrx_word' id='word_1_219' title='bbox 421 2941 742 3014; x_wconf 74' lang='lat' dir='ltr'><strong>Snbjeotsverindernng</strong></span> <span class='ocrx_word' id='word_1_220' title='bbox 793 2928 973 3011; x_wconf 61' lang='lat' dir='ltr'><strong>“⁰“dePt3‘ffl</strong></span> <span class='ocrx_word' id='word_1_221' title='bbox 1038 2997 1045 3010; x_wconf 47' lang='lat'><strong>·</strong></span> <span class='ocrx_word' id='word_1_222' title='bbox 1210 3000 1216 3012; x_wconf 34' lang='grc' dir='ltr'>ι</span> 
     </span>
     <span class='ocr_line' id='line_1_28' title="bbox 206 2997 1248 3075; baseline -0.015 -10"><span class='ocrx_word' id='word_1_223' title='bbox 206 3012 242 3075; x_wconf 84' lang='grc' dir='ltr'><strong>Χ,</strong></span> <span class='ocrx_word' id='word_1_224' title='bbox 253 3017 279 3074; x_wconf 81' lang='lat'><strong>2,</strong></span> <span class='ocrx_word' id='word_1_225' title='bbox 289 3010 315 3063; x_wconf 81' lang='grc'><strong>3.</strong></span> <span class='ocrx_word' id='word_1_226' title='bbox 434 3026 438 3035; x_wconf 93' lang='grc'><em>·</em></span> <span class='ocrx_word' id='word_1_227' title='bbox 827 3004 968 3050; x_wconf 80' lang='lat' dir='ltr'><strong>notumrm</strong></span> <span class='ocrx_word' id='word_1_228' title='bbox 978 2997 1248 3049; x_wconf 80' lang='lat' dir='ltr'><strong>D.e1nSnbstentrv.</strong></span> 
     </span>
    </p>
   </div>
   <div class='ocr_carea' id='block_1_9' title="bbox 241 3066 1326 3163">
    <p class='ocr_par' dir='ltr' id='par_1_11' title="bbox 241 3066 1326 3163">
     <span class='ocr_line' id='line_1_29' title="bbox 241 3066 1326 3163; baseline -0.006 -12"><span class='ocrx_word' id='word_1_229' title='bbox 241 3102 267 3151; x_wconf 79' lang='lat'><strong>2.</strong></span> <span class='ocrx_word' id='word_1_230' title='bbox 293 3095 341 3162; x_wconf 83' lang='lat' dir='ltr'><strong>qui</strong></span> <span class='ocrx_word' id='word_1_231' title='bbox 360 3095 508 3149; x_wconf 80' lang='lat' dir='ltr'><strong>relicturus</strong></span> <span class='ocrx_word' id='word_1_232' title='bbox 530 3097 587 3163; x_wconf 84' lang='lat' dir='ltr'><strong>eia,</strong></span> <span class='ocrx_word' id='word_1_233' title='bbox 607 3098 651 3151; x_wconf 86' lang='lat' dir='ltr'><strong>ein</strong></span> <span class='ocrx_word' id='word_1_234' title='bbox 669 3099 736 3152; x_wconf 83' lang='lat' dir='ltr'><strong>Satz</strong></span> <span class='ocrx_word' id='word_1_235' title='bbox 796 3134 802 3147; x_wconf 85' lang='lat'>.</span> <span class='ocrx_word' id='word_1_236' title='bbox 825 3075 957 3135; x_wconf 58' lang='lat' dir='ltr'><strong><em>pe&#39;petw</em></strong></span> <span class='ocrx_word' id='word_1_237' title='bbox 977 3067 1071 3136; x_wconf 42' lang='grc' dir='ltr'>(ΑΜ)</span> <span class='ocrx_word' id='word_1_238' title='bbox 1090 3066 1182 3119; x_wconf 60' lang='lat' dir='ltr'><strong>“uem</strong></span> <span class='ocrx_word' id='word_1_239' title='bbox 1197 3066 1326 3136; x_wconf 50' lang='lat' dir='ltr'><strong>pamm</strong></span> 
     </span>
    </p>
   </div>
   <div class='ocr_carea' id='block_1_10' title="bbox 205 3136 1326 3304">
    <p class='ocr_par' dir='ltr' id='par_1_12' title="bbox 205 3136 1326 3304">
     <span class='ocr_line' id='line_1_30' title="bbox 205 3136 1326 3261; baseline -0.009 -40"><span class='ocrx_word' id='word_1_240' title='bbox 205 3168 259 3220; x_wconf 83' lang='lat' dir='ltr'><strong>wie</strong></span> <span class='ocrx_word' id='word_1_241' title='bbox 286 3166 333 3234; x_wconf 81' lang='lat' dir='ltr'><strong>qui</strong></span> <span class='ocrx_word' id='word_1_242' title='bbox 350 3165 381 3217; x_wconf 81' lang='lat' dir='ltr'><strong>id</strong></span> <span class='ocrx_word' id='word_1_243' title='bbox 396 3167 490 3235; x_wconf 80' lang='lat' dir='ltr'><strong>potius</strong></span> <span class='ocrx_word' id='word_1_244' title='bbox 506 3167 681 3221; x_wconf 80' lang='lat' dir='ltr'><strong>intuerentur</strong></span> <span class='ocrx_word' id='word_1_245' title='bbox 699 3169 735 3237; x_wconf 87' lang='grc' dir='ltr'><strong>Π,</strong></span> <span class='ocrx_word' id='word_1_246' title='bbox 789 3136 1061 3261; x_wconf 46' lang='lat' dir='ltr'><strong>{ssfl&#39;gl&#39;ssnssetrffli</strong></span> <span class='ocrx_word' id='word_1_247' title='bbox 1074 3153 1132 3258; x_wconf 44' lang='lat'><strong>{⁰3</strong></span> <span class='ocrx_word' id='word_1_248' title='bbox 1150 3138 1228 3257; x_wconf 47' lang='lat' dir='ltr'>‘fines</span> <span class='ocrx_word' id='word_1_249' title='bbox 1244 3136 1326 3189; x_wconf 49' lang='grc' dir='ltr'><strong>Μ·</strong></span> 
     </span>
     <span class='ocr_line' id='line_1_31' title="bbox 206 3223 1325 3304; baseline -0.021 -14"><span class='ocrx_word' id='word_1_250' title='bbox 206 3241 232 3304; x_wconf 88' lang='grc'><strong>7,</strong></span> <span class='ocrx_word' id='word_1_251' title='bbox 243 3242 267 3290; x_wconf 87' lang='grc'><strong>6.</strong></span> <span class='ocrx_word' id='word_1_252' title='bbox 278 3264 311 3274; x_wconf 85' lang='lat'><em>—</em></span> <span class='ocrx_word' id='word_1_253' title='bbox 322 3255 356 3288; x_wconf 81' lang='lat' dir='ltr'><strong>erc</strong></span> <span class='ocrx_word' id='word_1_254' title='bbox 365 3243 392 3288; x_wconf 85' lang='lat' dir='ltr'><strong>te</strong></span> <span class='ocrx_word' id='word_1_255' title='bbox 401 3244 499 3290; x_wconf 83' lang='lat' dir='ltr'><strong>natum</strong></span> <span class='ocrx_word' id='word_1_256' title='bbox 510 3255 532 3291; x_wconf 86' lang='lat' dir='ltr'><strong>s.</strong></span> <span class='ocrx_word' id='word_1_257' title='bbox 543 3255 577 3290; x_wconf 83' lang='lat' dir='ltr'><strong>zu</strong></span> <span class='ocrx_word' id='word_1_258' title='bbox 586 3238 621 3300; x_wconf 90' lang='lat'><strong>11,</strong></span> <span class='ocrx_word' id='word_1_259' title='bbox 633 3240 657 3303; x_wconf 92' lang='lat' dir='ltr'><strong>l,</strong></span> <span class='ocrx_word' id='word_1_260' title='bbox 668 3242 694 3290; x_wconf 80' lang='lat'><strong>2.</strong></span> <span class='ocrx_word' id='word_1_261' title='bbox 1045 3224 1073 3274; x_wconf 65' lang='lat'><strong>¹3</strong></span> <span class='ocrx_word' id='word_1_262' title='bbox 1092 3224 1118 3258; x_wconf 73' lang='lat'><strong>0¹</strong></span> <span class='ocrx_word' id='word_1_263' title='bbox 1136 3248 1143 3274; x_wconf 77' lang='lat' dir='ltr'><strong>t</strong></span> <span class='ocrx_word' id='word_1_264' title='bbox 1160 3225 1210 3260; x_wconf 81' lang='lat'><strong>⁸⁰¹¹</strong></span> <span class='ocrx_word' id='word_1_265' title='bbox 1230 3224 1279 3259; x_wconf 72' lang='lat'><strong>01¹¹</strong></span> <span class='ocrx_word' id='word_1_266' title='bbox 1294 3223 1325 3259; x_wconf 73' lang='lat'><strong>⁸0</strong></span> 
     </span>
    </p>
   </div>
   <div class='ocr_carea' id='block_1_11' title="bbox 239 3276 1325 3375">
    <p class='ocr_par' dir='ltr' id='par_1_13' title="bbox 239 3276 1325 3375">
     <span class='ocr_line' id='line_1_32' title="bbox 239 3276 1325 3375; baseline -0.014 -31"><span class='ocrx_word' id='word_1_267' title='bbox 239 3323 399 3375; x_wconf 62' lang='lat' dir='ltr'><strong>nequem,</strong></span> <span class='ocrx_word' id='word_1_268' title='bbox 409 3324 431 3359; x_wconf 43' lang='lat' dir='ltr'><strong>s,</strong></span> <span class='ocrx_word' id='word_1_269' title='bbox 442 3306 546 3374; x_wconf 86' lang='lat' dir='ltr'><strong>quH,</strong></span> <span class='ocrx_word' id='word_1_270' title='bbox 557 3313 582 3374; x_wconf 55' lang='lat'><strong>5,</strong></span> <span class='ocrx_word' id='word_1_271' title='bbox 594 3308 618 3358; x_wconf 48' lang='lat' dir='ltr'><strong>l·</strong></span> <span class='ocrx_word' id='word_1_272' title='bbox 790 3291 824 3326; x_wconf 82' lang='lat' dir='ltr'><strong>zu</strong></span> <span class='ocrx_word' id='word_1_273' title='bbox 842 3278 1005 3341; x_wconf 83' lang='lat' dir='ltr'><strong>veretehen,</strong></span> <span class='ocrx_word' id='word_1_274' title='bbox 1025 3278 1088 3329; x_wconf 85' lang='lat' dir='ltr'><strong>dese</strong></span> <span class='ocrx_word' id='word_1_275' title='bbox 1097 3277 1214 3330; x_wconf 85' lang='lat' dir='ltr'><strong>Theben</strong></span> <span class='ocrx_word' id='word_1_276' title='bbox 1229 3276 1270 3329; x_wconf 81' lang='lat' dir='ltr'><strong>ela</strong></span> <span class='ocrx_word' id='word_1_277' title='bbox 1281 3277 1325 3329; x_wconf 92' lang='lat' dir='ltr'><strong>ein</strong></span> 
     </span>
    </p>
   </div>
   <div class='ocr_carea' id='block_1_12' title="bbox 790 3344 1325 3416">
    <p class='ocr_par' dir='ltr' id='par_1_14' title="bbox 790 3344 1325 3416">
     <span class='ocr_line' id='line_1_33' title="bbox 790 3344 1325 3416; baseline 0.004 -19"><span class='ocrx_word' id='word_1_278' title='bbox 790 3344 871 3398; x_wconf 79' lang='lat' dir='ltr'><strong>Stant</strong></span> <span class='ocrx_word' id='word_1_279' title='bbox 905 3346 1022 3398; x_wconf 80' lang='lat' dir='ltr'><strong>zweiten</strong></span> <span class='ocrx_word' id='word_1_280' title='bbox 1050 3346 1159 3416; x_wconf 85' lang='lat' dir='ltr'><strong>Ranges</strong></span> <span class='ocrx_word' id='word_1_281' title='bbox 1190 3363 1244 3398; x_wconf 88' lang='lat' dir='ltr'><strong>von</strong></span> <span class='ocrx_word' id='word_1_282' title='bbox 1272 3346 1325 3399; x_wconf 83' lang='lat' dir='ltr'><strong>don</strong></span> 
     </span>
    </p>
   </div>
   <div class='ocr_carea' id='block_1_13' title="bbox 206 3386 1327 3606">
    <p class='ocr_par' dir='ltr' id='par_1_15' title="bbox 206 3386 1327 3606">
     <span class='ocr_line' id='line_1_34' title="bbox 239 3386 1327 3500; baseline 0.018 -50"><span class='ocrx_word' id='word_1_283' title='bbox 239 3411 273 3446; x_wconf 80' lang='lat' dir='ltr'><strong>ex</strong></span> <span class='ocrx_word' id='word_1_284' title='bbox 282 3399 428 3476; x_wconf 59' lang='lat' dir='ltr'><strong>mquidem</strong></span> <span class='ocrx_word' id='word_1_285' title='bbox 442 3386 738 3476; x_wconf 51' lang='lat' dir='ltr'><strong>⁸⁸¹⁸ss105¹¹0T⁰⁰J¹tf³f&#39;·</strong></span> <span class='ocrx_word' id='word_1_286' title='bbox 788 3414 992 3485; x_wconf 82' lang='lat' dir='ltr'><strong>Hauptstaeten</strong></span> <span class='ocrx_word' id='word_1_287' title='bbox 1018 3417 1108 3468; x_wconf 86' lang='lat' dir='ltr'><strong>Athen</strong></span> <span class='ocrx_word' id='word_1_288' title='bbox 1139 3417 1195 3469; x_wconf 89' lang='lat' dir='ltr'><strong>und</strong></span> <span class='ocrx_word' id='word_1_289' title='bbox 1222 3417 1327 3500; x_wconf 78' lang='lat' dir='ltr'><strong>Sparta</strong></span> 
     </span>
     <span class='ocr_line' id='line_1_35' title="bbox 208 3463 1325 3557; baseline 0.013 -32"><span class='ocrx_word' id='word_1_290' title='bbox 208 3490 238 3502; x_wconf 89' lang='lat'><strong>··</strong></span> <span class='ocrx_word' id='word_1_291' title='bbox 257 3463 324 3514; x_wconf 61' lang='lat' dir='ltr'><strong>&#39;MN‘</strong></span> <span class='ocrx_word' id='word_1_292' title='bbox 341 3469 495 3544; x_wconf 55' lang='lat' dir='ltr'><strong>Wi&#39;ss&#39;ffissiv</strong></span> <span class='ocrx_word' id='word_1_293' title='bbox 512 3464 613 3545; x_wconf 67' lang='lat' dir='ltr'><strong>b0i9¹¹0</strong></span> <span class='ocrx_word' id='word_1_294' title='bbox 626 3463 738 3514; x_wconf 58' lang='lat' dir='ltr'>&#39;mmm&#39;</span> <span class='ocrx_word' id='word_1_295' title='bbox 788 3485 883 3537; x_wconf 91' lang='lat' dir='ltr'><strong>immer</strong></span> <span class='ocrx_word' id='word_1_296' title='bbox 900 3486 975 3539; x_wconf 85' lang='lat' dir='ltr'><strong>mehr</strong></span> <span class='ocrx_word' id='word_1_297' title='bbox 989 3485 1057 3538; x_wconf 89' lang='lat' dir='ltr'><strong>oder</strong></span> <span class='ocrx_word' id='word_1_298' title='bbox 1072 3485 1325 3557; x_wconf 78' lang='lat' dir='ltr'><strong>minderebhongig</strong></span> 
     </span>
     <span class='ocr_line' id='line_1_36' title="bbox 206 3532 974 3606; baseline 0.018 -24"><span class='ocrx_word' id='word_1_299' title='bbox 206 3532 363 3600; x_wconf 82' lang='lat' dir='ltr'><strong>Gegensatz</strong></span> <span class='ocrx_word' id='word_1_300' title='bbox 374 3548 408 3583; x_wconf 89' lang='lat' dir='ltr'><strong>zu</strong></span> <span class='ocrx_word' id='word_1_301' title='bbox 417 3533 588 3585; x_wconf 61' lang='lat' dir='ltr'><strong>immortates.</strong></span> <span class='ocrx_word' id='word_1_302' title='bbox 789 3571 856 3606; x_wconf 62' lang='lat' dir='ltr'><strong>war,</strong></span> <span class='ocrx_word' id='word_1_303' title='bbox 971 3560 974 3566; x_wconf 86' lang='grc'><strong>’</strong></span> 
     </span>
    </p>
   </div>
   <div class='ocr_carea' id='block_1_14' title="bbox 200 3615 1327 4390">
    <p class='ocr_par' dir='ltr' id='par_1_16' title="bbox 203 3615 1325 3825">
     <span class='ocr_line' id='line_1_37' title="bbox 238 3615 1323 3693; baseline 0.008 -23"><span class='ocrx_word' id='word_1_304' title='bbox 238 3615 265 3670; x_wconf 83' lang='lat'><strong>3.</strong></span> <span class='ocrx_word' id='word_1_305' title='bbox 303 3617 362 3682; x_wconf 79' lang='lat' dir='ltr'><strong>Quo</strong></span> <span class='ocrx_word' id='word_1_306' title='bbox 371 3624 489 3686; x_wconf 84' lang='lat' dir='ltr'><strong>tempore</strong></span> <span class='ocrx_word' id='word_1_307' title='bbox 506 3619 652 3671; x_wconf 83' lang='lat' dir='ltr'><strong>iibersetze</strong></span> <span class='ocrx_word' id='word_1_308' title='bbox 668 3619 738 3671; x_wconf 88' lang='lat' dir='ltr'><strong>neeh</strong></span> <span class='ocrx_word' id='word_1_309' title='bbox 821 3625 1009 3692; x_wconf 80' lang='lat' dir='ltr'><strong>pluriesue&#39;me</strong></span> <span class='ocrx_word' id='word_1_310' title='bbox 1026 3642 1048 3680; x_wconf 90' lang='lat' dir='ltr'><strong>s.</strong></span> <span class='ocrx_word' id='word_1_311' title='bbox 1068 3642 1102 3678; x_wconf 83' lang='lat' dir='ltr'><strong>zu</strong></span> <span class='ocrx_word' id='word_1_312' title='bbox 1118 3624 1174 3693; x_wconf 88' lang='lat' dir='ltr'><strong>IX,</strong></span> <span class='ocrx_word' id='word_1_313' title='bbox 1190 3625 1222 3692; x_wconf 94' lang='lat'><strong>1,</strong></span> <span class='ocrx_word' id='word_1_314' title='bbox 1235 3627 1250 3679; x_wconf 95' lang='lat' dir='ltr'>l</span> <span class='ocrx_word' id='word_1_315' title='bbox 1261 3627 1323 3679; x_wconf 79' lang='lat' dir='ltr'><strong>eiua</strong></span> 
     </span>
     <span class='ocr_line' id='line_1_38' title="bbox 203 3686 1061 3765; baseline 0.016 -30"><span class='ocrx_word' id='word_1_316' title='bbox 203 3688 251 3754; x_wconf 74' lang='lat' dir='ltr'><strong>qui</strong></span> <span class='ocrx_word' id='word_1_317' title='bbox 269 3686 345 3739; x_wconf 81' lang='lat' dir='ltr'><strong>loeus</strong></span> <span class='ocrx_word' id='word_1_318' title='bbox 362 3687 410 3752; x_wconf 91' lang='lat' dir='ltr'><strong>IV,</strong></span> <span class='ocrx_word' id='word_1_319' title='bbox 423 3691 448 3751; x_wconf 83' lang='lat'><strong>3,</strong></span> <span class='ocrx_word' id='word_1_320' title='bbox 459 3690 485 3741; x_wconf 89' lang='lat'><strong>3.</strong></span> <span class='ocrx_word' id='word_1_321' title='bbox 513 3688 609 3741; x_wconf 88' lang='lat' dir='ltr'><strong>Ueher</strong></span> <span class='ocrx_word' id='word_1_322' title='bbox 623 3689 736 3741; x_wconf 84' lang='lat' dir='ltr'><strong>daaEr-</strong></span> <span class='ocrx_word' id='word_1_323' title='bbox 789 3709 873 3762; x_wconf 83' lang='lat' dir='ltr'><strong>opera</strong></span> <span class='ocrx_word' id='word_1_324' title='bbox 884 3695 1061 3765; x_wconf 70' lang='lat' dir='ltr'><strong>magnifacit.</strong></span> 
     </span>
     <span class='ocr_line' id='line_1_39' title="bbox 204 3756 1325 3825; baseline 0.011 -18"><span class='ocrx_word' id='word_1_325' title='bbox 204 3757 305 3825; x_wconf 82' lang='lat' dir='ltr'><strong>eigniss</strong></span> <span class='ocrx_word' id='word_1_326' title='bbox 314 3774 337 3809; x_wconf 82' lang='lat' dir='ltr'><strong>s.</strong></span> <span class='ocrx_word' id='word_1_327' title='bbox 346 3756 419 3822; x_wconf 89' lang='lat' dir='ltr'><strong>XVI,</strong></span> <span class='ocrx_word' id='word_1_328' title='bbox 430 3763 456 3823; x_wconf 82' lang='lat'><strong>2,</strong></span> <span class='ocrx_word' id='word_1_329' title='bbox 466 3759 492 3810; x_wconf 82' lang='lat'><strong>3.</strong></span> <span class='ocrx_word' id='word_1_330' title='bbox 823 3764 879 3817; x_wconf 88' lang='lat' dir='ltr'><strong>Der</strong></span> <span class='ocrx_word' id='word_1_331' title='bbox 897 3765 983 3818; x_wconf 85' lang='lat' dir='ltr'><strong>letzte</strong></span> <span class='ocrx_word' id='word_1_332' title='bbox 1000 3763 1090 3816; x_wconf 82' lang='lat' dir='ltr'><strong>Ponto</strong></span> <span class='ocrx_word' id='word_1_333' title='bbox 1103 3763 1153 3815; x_wconf 91' lang='lat' dir='ltr'><strong>der</strong></span> <span class='ocrx_word' id='word_1_334' title='bbox 1169 3762 1325 3819; x_wconf 77' lang='lat' dir='ltr'><strong>Inhaltsun·</strong></span> 
     </span>
    </p>

    <p class='ocr_par' dir='ltr' id='par_1_17' title="bbox 201 3827 1326 4111">
     <span class='ocr_line' id='line_1_40' title="bbox 239 3827 1325 3903; baseline 0.009 -25"><span class='ocrx_word' id='word_1_335' title='bbox 239 3827 317 3879; x_wconf 86' lang='lat' dir='ltr'><strong>domo</strong></span> <span class='ocrx_word' id='word_1_336' title='bbox 328 3844 356 3878; x_wconf 84' lang='lat' dir='ltr'><strong>se</strong></span> <span class='ocrx_word' id='word_1_337' title='bbox 364 3827 463 3894; x_wconf 80' lang='lat' dir='ltr'><strong>tenuit,</strong></span> <span class='ocrx_word' id='word_1_338' title='bbox 474 3827 524 3879; x_wconf 90' lang='lat' dir='ltr'><strong>der</strong></span> <span class='ocrx_word' id='word_1_339' title='bbox 533 3827 605 3895; x_wconf 75' lang='lat' dir='ltr'><strong>Abi,</strong></span> <span class='ocrx_word' id='word_1_340' title='bbox 615 3828 735 3882; x_wconf 84' lang='lat' dir='ltr'><strong>welcher</strong></span> <span class='ocrx_word' id='word_1_341' title='bbox 787 3834 859 3901; x_wconf 82' lang='lat' dir='ltr'><strong>gabe</strong></span> <span class='ocrx_word' id='word_1_342' title='bbox 869 3835 896 3902; x_wconf 87' lang='lat' dir='ltr'><strong>(l</strong></span> <span class='ocrx_word' id='word_1_343' title='bbox 906 3874 913 3902; x_wconf 89' lang='lat'><strong>,</strong></span> <span class='ocrx_word' id='word_1_344' title='bbox 923 3836 967 3903; x_wconf 80' lang='lat'><strong>4)=</strong></span> <span class='ocrx_word' id='word_1_345' title='bbox 986 3835 1019 3886; x_wconf 86' lang='lat' dir='ltr'><strong>de</strong></span> <span class='ocrx_word' id='word_1_346' title='bbox 1036 3834 1118 3886; x_wconf 80' lang='lat' dir='ltr'><strong>rebus</strong></span> <span class='ocrx_word' id='word_1_347' title='bbox 1131 3833 1220 3902; x_wconf 79' lang='lat' dir='ltr'><strong>gestie</strong></span> <span class='ocrx_word' id='word_1_348' title='bbox 1228 3833 1267 3886; x_wconf 84' lang='lat' dir='ltr'><strong>ist</strong></span> <span class='ocrx_word' id='word_1_349' title='bbox 1275 3851 1325 3888; x_wconf 85' lang='lat' dir='ltr'><strong>un·</strong></span> 
     </span>
     <span class='ocr_line' id='line_1_41' title="bbox 203 3896 1325 3975; baseline 0.007 -26"><span class='ocrx_word' id='word_1_350' title='bbox 203 3897 289 3952; x_wconf 75' lang='lat' dir='ltr'><strong>ditem</strong></span> <span class='ocrx_word' id='word_1_351' title='bbox 308 3896 353 3950; x_wconf 84' lang='lat' dir='ltr'><strong>bei</strong></span> <span class='ocrx_word' id='word_1_352' title='bbox 371 3914 400 3948; x_wconf 80' lang='lat' dir='ltr'><strong>oe</strong></span> <span class='ocrx_word' id='word_1_353' title='bbox 414 3903 507 3949; x_wconf 82' lang='lat' dir='ltr'><strong>tenere</strong></span> <span class='ocrx_word' id='word_1_354' title='bbox 525 3899 602 3950; x_wconf 79' lang='lat' dir='ltr'><strong>steht</strong></span> <span class='ocrx_word' id='word_1_355' title='bbox 616 3898 735 3966; x_wconf 79' lang='lat' dir='ltr'><strong>(eastris,</strong></span> <span class='ocrx_word' id='word_1_356' title='bbox 789 3904 907 3973; x_wconf 82' lang='lat' dir='ltr'><strong>erledigt</strong></span> <span class='ocrx_word' id='word_1_357' title='bbox 920 3903 1078 3972; x_wconf 85' lang='lat' dir='ltr'><strong>gehlieben,</strong></span> <span class='ocrx_word' id='word_1_358' title='bbox 1088 3903 1209 3955; x_wconf 87' lang='lat' dir='ltr'><strong>ineofern</strong></span> <span class='ocrx_word' id='word_1_359' title='bbox 1220 3904 1325 3975; x_wconf 76' lang='lat' dir='ltr'><strong>wenig-</strong></span> 
     </span>
     <span class='ocr_line' id='line_1_42' title="bbox 203 3966 1324 4044; baseline 0.008 -26"><span class='ocrx_word' id='word_1_360' title='bbox 203 3969 304 4037; x_wconf 82' lang='lat' dir='ltr'><strong>oppe&#39;do</strong></span> <span class='ocrx_word' id='word_1_361' title='bbox 321 3984 350 4019; x_wconf 85' lang='lat' dir='ltr'><strong>se</strong></span> <span class='ocrx_word' id='word_1_362' title='bbox 366 3971 483 4034; x_wconf 82' lang='lat' dir='ltr'><strong>tenere),</strong></span> <span class='ocrx_word' id='word_1_363' title='bbox 508 3966 545 4020; x_wconf 79' lang='lat' dir='ltr'><strong>ist</strong></span> <span class='ocrx_word' id='word_1_364' title='bbox 561 3967 605 4021; x_wconf 89' lang='lat' dir='ltr'><strong>ein</strong></span> <span class='ocrx_word' id='word_1_365' title='bbox 624 3969 678 4021; x_wconf 85' lang='lat' dir='ltr'><strong>abl.</strong></span> <span class='ocrx_word' id='word_1_366' title='bbox 695 3968 737 4020; x_wconf 89' lang='lat' dir='ltr'><strong>in·</strong></span> <span class='ocrx_word' id='word_1_367' title='bbox 787 3980 864 4027; x_wconf 85' lang='lat' dir='ltr'><strong>stens</strong></span> <span class='ocrx_word' id='word_1_368' title='bbox 895 3975 955 4026; x_wconf 90' lang='lat' dir='ltr'><strong>eine</strong></span> <span class='ocrx_word' id='word_1_369' title='bbox 979 3973 1132 4026; x_wconf 83' lang='lat' dir='ltr'><strong>besondere</strong></span> <span class='ocrx_word' id='word_1_370' title='bbox 1150 3973 1324 4044; x_wconf 74' lang='lat' dir='ltr'><strong>Aufzihlung</strong></span> 
     </span>
     <span class='ocr_line' id='line_1_43' title="bbox 201 4036 1326 4111; baseline 0.007 -22"><span class='ocrx_word' id='word_1_371' title='bbox 201 4045 296 4090; x_wconf 82' lang='lat' dir='ltr'><strong>strum.</strong></span> <span class='ocrx_word' id='word_1_372' title='bbox 314 4036 736 4106; x_wconf 77' lang='lat' dir='ltr'><strong>Vgt.v,1„1eeetodtatenert.</strong></span> <span class='ocrx_word' id='word_1_373' title='bbox 788 4043 839 4096; x_wconf 88' lang='lat' dir='ltr'><strong>der</strong></span> <span class='ocrx_word' id='word_1_374' title='bbox 859 4044 968 4096; x_wconf 87' lang='lat' dir='ltr'><strong>Thaten</strong></span> <span class='ocrx_word' id='word_1_375' title='bbox 1001 4043 1050 4095; x_wconf 86' lang='lat' dir='ltr'><strong>des</strong></span> <span class='ocrx_word' id='word_1_376' title='bbox 1072 4043 1170 4111; x_wconf 80' lang='lat' dir='ltr'><strong>Epem.</strong></span> <span class='ocrx_word' id='word_1_377' title='bbox 1195 4045 1326 4097; x_wconf 75' lang='lat' dir='ltr'><strong>verminat</strong></span> 
     </span>
    </p>

    <p class='ocr_par' dir='ltr' id='par_1_18' title="bbox 200 4107 1327 4390">
     <span class='ocr_line' id='line_1_44' title="bbox 236 4107 1326 4177; baseline 0.008 -19"><span class='ocrx_word' id='word_1_378' title='bbox 236 4107 391 4173; x_wconf 86' lang='lat' dir='ltr'><strong>maloe,die</strong></span> <span class='ocrx_word' id='word_1_379' title='bbox 400 4107 446 4159; x_wconf 90' lang='lat' dir='ltr'><strong>die</strong></span> <span class='ocrx_word' id='word_1_380' title='bbox 456 4107 540 4162; x_wconf 73' lang='lat' dir='ltr'><strong>seoda</strong></span> <span class='ocrx_word' id='word_1_381' title='bbox 549 4126 582 4162; x_wconf 79' lang='lat' dir='ltr'><strong>an</strong></span> <span class='ocrx_word' id='word_1_382' title='bbox 593 4109 637 4161; x_wconf 90' lang='lat' dir='ltr'><strong>die</strong></span> <span class='ocrx_word' id='word_1_383' title='bbox 647 4109 736 4161; x_wconf 85' lang='lat' dir='ltr'><strong>Lace·</strong></span> <span class='ocrx_word' id='word_1_384' title='bbox 786 4111 866 4167; x_wconf 86' lang='lat' dir='ltr'><strong>wird.</strong></span> <span class='ocrx_word' id='word_1_385' title='bbox 901 4112 958 4165; x_wconf 88' lang='lat' dir='ltr'><strong>Der</strong></span> <span class='ocrx_word' id='word_1_386' title='bbox 976 4112 1072 4165; x_wconf 86' lang='lat' dir='ltr'><strong>Grund</strong></span> <span class='ocrx_word' id='word_1_387' title='bbox 1094 4113 1131 4165; x_wconf 85' lang='lat' dir='ltr'><strong>ist</strong></span> <span class='ocrx_word' id='word_1_388' title='bbox 1152 4111 1241 4177; x_wconf 86' lang='lat' dir='ltr'><strong>wohl,</strong></span> <span class='ocrx_word' id='word_1_389' title='bbox 1260 4114 1326 4166; x_wconf 84' lang='lat' dir='ltr'><strong>weil</strong></span> 
     </span>
     <span class='ocr_line' id='line_1_45' title="bbox 202 4173 1326 4250; baseline 0.011 -25"><span class='ocrx_word' id='word_1_390' title='bbox 202 4173 341 4229; x_wconf 74' lang='lat' dir='ltr'><strong>dimonier</strong></span> <span class='ocrx_word' id='word_1_391' title='bbox 355 4178 503 4230; x_wconf 81' lang='lat' dir='ltr'><strong>verrathen</strong></span> <span class='ocrx_word' id='word_1_392' title='bbox 518 4179 572 4232; x_wconf 85' lang='lat' dir='ltr'><strong>und</strong></span> <span class='ocrx_word' id='word_1_393' title='bbox 581 4196 610 4231; x_wconf 86' lang='lat' dir='ltr'><strong>es</strong></span> <span class='ocrx_word' id='word_1_394' title='bbox 619 4178 668 4230; x_wconf 88' lang='lat' dir='ltr'><strong>mit</strong></span> <span class='ocrx_word' id='word_1_395' title='bbox 677 4179 736 4231; x_wconf 89' lang='lat' dir='ltr'><strong>die·</strong></span> <span class='ocrx_word' id='word_1_396' title='bbox 787 4180 833 4235; x_wconf 89' lang='lat' dir='ltr'><strong>die</strong></span> <span class='ocrx_word' id='word_1_397' title='bbox 842 4180 1110 4250; x_wconf 76' lang='lat' dir='ltr'><strong>heuptsichiiohsten</strong></span> <span class='ocrx_word' id='word_1_398' title='bbox 1119 4182 1266 4235; x_wconf 83' lang='lat' dir='ltr'><strong>derselben</strong></span> <span class='ocrx_word' id='word_1_399' title='bbox 1276 4184 1326 4237; x_wconf 85' lang='lat' dir='ltr'><strong>be·</strong></span> 
     </span>
     <span class='ocr_line' id='line_1_46' title="bbox 202 4245 1327 4321; baseline 0.012 -27"><span class='ocrx_word' id='word_1_400' title='bbox 202 4259 251 4296; x_wconf 82' lang='lat' dir='ltr'><strong>sen</strong></span> <span class='ocrx_word' id='word_1_401' title='bbox 264 4245 390 4313; x_wconf 82' lang='lat' dir='ltr'><strong>gehelten</strong></span> <span class='ocrx_word' id='word_1_402' title='bbox 402 4246 507 4302; x_wconf 86' lang='lat' dir='ltr'><strong>hatten.</strong></span> <span class='ocrx_word' id='word_1_403' title='bbox 518 4277 550 4289; x_wconf 95' lang='lat'><em>-</em></span> <span class='ocrx_word' id='word_1_404' title='bbox 560 4265 673 4301; x_wconf 78' lang='lat' dir='ltr'><strong>enorum</strong></span> <span class='ocrx_word' id='word_1_405' title='bbox 681 4249 736 4300; x_wconf 86' lang='lat' dir='ltr'><strong>wie</strong></span> <span class='ocrx_word' id='word_1_406' title='bbox 786 4250 854 4303; x_wconf 80' lang='lat' dir='ltr'><strong>reite</strong></span> <span class='ocrx_word' id='word_1_407' title='bbox 871 4251 905 4304; x_wconf 90' lang='lat' dir='ltr'><strong>im</strong></span> <span class='ocrx_word' id='word_1_408' title='bbox 920 4254 1009 4306; x_wconf 77' lang='lat' dir='ltr'><strong>Lause</strong></span> <span class='ocrx_word' id='word_1_409' title='bbox 1025 4253 1075 4307; x_wconf 90' lang='lat' dir='ltr'><strong>der</strong></span> <span class='ocrx_word' id='word_1_410' title='bbox 1090 4252 1205 4321; x_wconf 83' lang='lat' dir='ltr'><strong>uibrigeu</strong></span> <span class='ocrx_word' id='word_1_411' title='bbox 1215 4251 1327 4307; x_wconf 78' lang='lat' dir='ltr'><strong>Enaih·</strong></span> 
     </span>
     <span class='ocr_line' id='line_1_47' title="bbox 200 4311 1064 4390; baseline 0.008 -21"><span class='ocrx_word' id='word_1_412' title='bbox 200 4311 264 4379; x_wconf 83' lang='lat' dir='ltr'><strong>XII,</strong></span> <span class='ocrx_word' id='word_1_413' title='bbox 273 4312 300 4381; x_wconf 75' lang='lat'><strong>3,</strong></span> <span class='ocrx_word' id='word_1_414' title='bbox 312 4320 338 4371; x_wconf 81' lang='grc'><strong>4.</strong></span> <span class='ocrx_word' id='word_1_415' title='bbox 786 4320 851 4390; x_wconf 82' lang='lat' dir='ltr'><strong>inng</strong></span> <span class='ocrx_word' id='word_1_416' title='bbox 860 4321 985 4374; x_wconf 74' lang='lat' dir='ltr'><strong>erwihnt</strong></span> <span class='ocrx_word' id='word_1_417' title='bbox 996 4322 1064 4376; x_wconf 88' lang='lat' dir='ltr'><strong>sind.</strong></span> 
     </span>
    </p>
   </div>
   <div class='ocr_carea' id='block_1_15' title="bbox 661 4478 863 4486">
    <p class='ocr_par' dir='ltr' id='par_1_19' title="bbox 661 4478 863 4486">
     <span class='ocr_line' id='line_1_48' title="bbox 661 4478 863 4486; baseline 0.005 -1"><span class='ocrx_word' id='word_1_418' title='bbox 661 4478 863 4486; x_wconf 80' lang='lat'><em>-—-.-—---</em></span> 
     </span>
    </p>
   </div>
   <div class='ocr_carea' id='block_1_16' title="bbox 0 0 1376 5056">
    <p class='ocr_par' dir='ltr' id='par_1_20' title="bbox 0 0 1376 5056">
     <span class='ocr_line' id='line_1_49' title="bbox 0 0 1376 5056; baseline 0 2"><span class='ocrx_word' id='word_1_419' title='bbox 0 0 1376 5056; x_wconf 95' lang='lat' dir='ltr'><strong> </strong></span> 
     </span>
    </p>
   </div>
  </div>
 </body>
</html>
