2744 5056
440 573 513 680 arv.
530 623 705 680 DATAMES
724 623 801 681 CAP.
822 629 846 682 1.
863 632 888 681 2.
1181 610 1221 677 81

22 793 25 799 ’
101 797 306 878 giniensibus,
329 795 498 859 Hamilcare
520 804 549 858 et
568 796 747 863 Hannibale.
784 798 827 859 De
847 816 906 878 quo
927 795 986 860 hoc
1006 799 1091 878 plura
1112 802 1261 864 refero-⁶

101 901 180 955 mus,
197 884 278 962 quod
295 881 514 944 et'obscuriora
530 889 599 942 sunt
614 883 679 943 eius
694 891 777 961 gesta
792 882 952 961 pleraque,
967 892 997 945 et
1008 900 1053 961 ea,
1064 903 1141 964 quae
1151 903 1222 964 pro-

99 986 192 1048 spere
213 969 241 1030 ei
256 974 432 1048 cesserunt,
453 984 515 1027 non
536 967 739 1044 magnitudine
761 968 916 1045 copiarum
936 968 988 1030 sed
1010 969 1142 1038 consilii,
1164 987 1223 1048 quo

103 1061 171 1114 turn
197 1069 301 1114 omnes
326 1050 501 1130 superabat,
529 1050 719 1119 acciderunt;
750 1068 878 1129 quorum
898 1053 957 1114 nisi
979 1054 1056 1115 ratio
1078 1052 1224 1132 explicata

102 1135 211 1207 fuerit,
232 1154 282 1198 res
297 1153 443 1216 apparere
458 1153 518 1196 non
534 1142 682 1215 poterunt

565 1341 768 1351 ...ψ-..-

462 1491 568 1568 XIV.
609 1488 867 1566 DATAMES.

193 1617 220 1678 i.
237 1616 421 1690 Datames,
437 1624 522 1696 patre
539 1617 704 1688 Camisare,
721 1618 842 1679 natione
858 1618 946 1688 Care,
968 1623 1063 1678 matre
1079 1617 1228 1696 Scythissa

105 1709 208 1772 uatus,
231 1703 363 1781 primum
383 1704 416 1763 in
442 1700 571 1764 miiitum
592 1719 718 1763 numero
739 1702 795 1762 iuit
814 1702 892 1781 apud
914 1703 1098 1763 Artaxerxen
1114 1720 1228 1770 eorum,

105 1788 159 1862 qui
174 1789 290 1864 regiam
305 1787 474 1848 tuebantur.
506 1787 593 1848 Pater
610 1787 675 1847 eius
692 1787 873 1856 Camisares,
897 1785 978 1866 quod
995 1794 1024 1847 et
1038 1804 1128 1847 manu
1143 1787 1229 1847 fortis

107 1879 138 1931 et
158 1870 237 1932 bello
258 1877 398 1933 strenuus
419 1878 449 1932 et
469 1873 534 1950 regi
550 1870 650 1932 multis
665 1870 739 1932 iocis
753 1870 851 1931 tidelis
867 1879 931 1932 erat
945 1879 1099 1950 repertus,
1125 1870 1230 1931 habuit

107 1957 292 2034 provinciam
308 1962 423 2034 partem
435 1954 558 2017 Ciliciae
569 1957 650 2016 iuxta
662 1954 889 2035 Cappadociam,
905 1972 994 2033 quam
1006 1954 1140 2016 incoiuut
1151 1954 1229 2016 Leu-

108 2040 214 2119 cosiri.
239 2039 386 2111 Datames,
399 2039 525 2100 militare
537 2058 647 2102 munus
658 2040 785 2119 fungens
796 2041 937 2119 primum,
950 2038 1045 2119 qualis
1055 2046 1142 2111 esset,
1155 2056 1224 2118 ape·
1243 2051 1262 2100 ²

108 2125 169 2184 ruit
183 2125 214 2184 in
229 2123 317 2199 bello,
334 2123 413 2205 quod
428 2142 483 2186 rex
495 2125 635 2186 adversus
648 2124 789 2188 Cadusios
801 2125 902 2201 gessit.
933 2123 1067 2202 Namque
1076 2123 1135 2200 hic,
1151 2121 1228 2186 mul·
1242 2137 1281 2181 asa

109 2208 146 2270 tis
161 2207 282 2270 milibus
296 2210 450 2288 regiorum
462 2209 636 2279 interiectis,
653 2210 752 2287 magni
764 2209 819 2269 fuit
831 2209 895 2270 eius
909 2226 1009 2287 opera.
1040 2205 1104 2276 Quo
1117 2207 1229 2271 iactum

108 2300 171 2371 est,
186 2311 254 2354 cum
269 2294 300 2353 in
317 2310 353 2355 eo
369 2292 448 2355 beiio
465 2293 623 2355 cecidisset
638 2293 812 2372 Camisares,
827 2300 952 2372 paterna
968 2293 995 2353 ei
1010 2300 1043 2352 ut
1058 2291 1229 2353 traderetur

130 2394 271 2438 rouncra.

109 2395 129 2458 p
195 2460 224 2523 2.
248 2463 317 2523 Pari
337 2480 372 2524 se
393 2463 501 2523 virtute
515 2468 618 2542 postea
632 2460 786 2541 praebuit,
811 2479 878 2523 aum
893 2460 1130 2540 Autophrodates
1145 2463 1230 2523 iussu

109 2548 190 2625 regis
204 2544 284 2608 helio
296 2554 528 2626 persequeretur
541 2565 601 2616 eos,
614 2547 666 2623 qui
679 2545 860 2607 deiecerant.
892 2544 1026 2623 Namque
1038 2545 1126 2608 huius
1138 2564 1230 2625 opera

111 2631 226 2710 hostes,
255 2650 323 2692 cum
344 2640 441 2693 castra
462 2633 521 2692 iarn
542 2632 719 2701 intrassent,
741 2629 894 2708 profligati
913 2637 999 2707 sunt,
1022 2632 1230 2708 exercitusque

111 2715 246 2794 reliquus
268 2722 460 2778 conservatus
481 2716 561 2794 regis
584 2722 637 2777 est.
670 2710 734 2781 Qua
758 2732 794 2774 ex
809 2731 843 2776 re
859 2712 1023 2776 maioribus
1038 2714 1130 2777 rebus
1145 2733 1232 2794 prae-

147 2903 172 2951 6.
196 2900 265 2968 Irae,
292 2898 348 2952 abl.
374 2915 474 2952 causae
500 2893 552 2950 ‘um
585 2896 649 2950 des·
700 2896 849 2950 schlossen'
873 2898 1035 2950 bezeichnet
1052 2898 1097 2951 die
1114 2898 1234 2969 geistige

113 2967 222 3025 wilien'.
255 2997 289 3008 -
312 2975 395 3040 gesta
433 2972 503 3021 stadt
527 2985 570 3020 res
596 2985 647 3037 ge·
699 2967 850 3020 Thatlrrast
885 2967 938 3020 und
969 2968 1148 3037 Tfichtigireit
1184 2968 1233 3021 des

111 3043 181 3090 stae.
193 3067 227 3077 -
237 3037 458 3094 concordandi.
468 3038 560 3090 minas
569 3044 646 3089 nota.
698 3037 844 3105 Kriegers,
861 3037 913 3087 wie
923 3055 1008 3089 mana
1016 3039 1106 3103 fortis
1115 3039 1160 3089 die
1169 3038 1235 3090 isdr-

148 3106 297 3159 eeditrm'isi
306 3107 415 3175 aliquid
429 3103 468 3159 ‘es
483 3108 589 3176 gelingt
597 3107 647 3160 mir
699 3107 830 3176 periiche.
840 3131 873 3142 -
884 3107 977 3158 multis
992 3107 1060 3159 locis
1075 3104 1130 3159 ‘bei
1144 3106 1234 3159 vieleu

112 3182 211 3238 etwas,
223 3177 288 3244 geht
296 3195 349 3230 von
359 3170 489 3230 Statten'.
700 3174 926 3243 Geiegenheiten’
936 3193 958 3230 s.
971 3176 1018 3243 IV,
1029 3182 1054 3244 4,
1064 3179 1090 3231 3.
1112 3175 1163 3228 Die
1174 3175 1235 3229 drsi

149 3245 310 3299 acciderant
319 3263 342 3302 s.
353 3263 387 3298 zu
397 3244 471 3312 XIV,
482 3246 508 3311 8,
518 3248 544 3296 4.
699 3252 727 3298 et
735 3245 790 3297 wie
801 3243 894 3312 1,1,1.

148 3315 223 3368 ratio
232 3315 291 3368 hier
298 3309 495 3384 ‘Hergang'.-
507 3311 649 3383 amplicata
735 3315 816 3368 iaxta
827 3312 1031 3382 Cappadociam
1041 3331 1063 3370 s.
1076 3332 1109 3367 au
1119 3314 1169 3382 ΙΙΙ,
1181 3317 1206 3384 2,
1220 3317 1232 3369 l

107 3386 233 3454 soeriis.
245 3402 277 3438 zu
293 3402 339 3438 ero
355 3387 472 3453 adeptus
484 3383 527 3451 ΙΙ,
538 3387 568 3448 9,
578 3387 605 3437 4.
614 3411 649 3423 ·-·
697 3402 800 3457 pugna
809 3384 885 3454 apud
898 3383 1054 3436 Salamina.

110 3473 246 3526 apparere
256 3456 314 3508 hier
321 3452 452 3509 ‘deutlich
464 3450 592 3506 werden’.
734 3458 760 3507 2.
773 3455 867 3525 fungi
886 3453 934 3505 mit
951 3454 1011 3506 dem
1021 3458 1117 3507 Aecus.
1135 3454 1235 3523 gehdrt

608 3529 612 3538 '
701 3525 751 3577 der
761 3525 866 3578 diteren
876 3523 1011 3576 Latinitrit
1027 3540 1071 3577 aa.
1080 3554 1114 3562 -
1124 3525 1155 3575 ia
1164 3523 1233 3575 bello

699 3611 721 3646 s.
732 3613 765 3647 au
776 3595 849 3657 xxi,
860 3598 886 3659 2,
896 3594 922 3648 3.

149 3664 185 3724 l,
207 3665 230 3719 1.
244 3662 431 3715 Uebernatus
449 3660 498 3713 nit
512 3662 573 3713 dem
588 3661 651 3714 Abl.
735 3665 829 3717 maltis
842 3663 952 3715 milibus
964 3661 1106 3732 regiorum
1120 3663 1236 3727 interse-
1305 3712 1308 3719 ,
1350 3684 1354 3695 ¹

115 3750 140 3784 s.
158 3749 191 3785 zu
203 3730 245 3799 11,
265 3734 287 3796 l,
308 3736 377 3784 2.-
397 3733 468 3784 Care
485 3730 649 3800 Appositioa
701 3734 761 3786 etis.
799 3735 856 3786 Der
870 3732 955 3801 Krieg
968 3749 1026 3784 war
1041 3732 1098 3784 uiso
1115 3733 1236 3798 Anfangs

114 3818 149 3854 zu
170 3806 260 3870 pairs.
279 3829 311 3841 -
331 3801 471 3869 Scythissa
493 3801 532 3853 ist
548 3800 651 3870 Eigen·
702 3821 757 3856 von
781 3803 833 3856 den
852 3800 1031 3871 Konigiichen
1049 3801 1098 3853 ruit
1115 3817 1238 3869 grassem

112 3888 220 3930 name„
703 3873 831 3925 Veriuste
852 3872 964 3939 getiihrt
986 3871 1098 3922 worden
1122 3871 1177 3923 und
1194 3887 1240 3922 er-

151 3941 183 3992 in
202 3939 440 3992 militamaamero
454 3939 517 4006 fait
529 3936 653 4007 ‘gehdrts
704 3943 772 3994 hielt
790 3946 847 3994 eret
862 3940 946 3992 durch
956 3940 1019 3991 nat.
1038 3941 1099 3992 eine
1112 3940 1239 4010 giiastigc

113 4003 204 4063 dsau'.
222 4037 256 4048 —
274 4011 443 4062 Artaaerxes
457 4008 584 4062 Mnemon
601 4010 653 4062 405
704 4012 904 4080 Wendung·-
919 4008 1019 4080 magui
1027 4010 1091 4078 suit
1105 4011 1164 4064 eius
1177 4027 1239 4080 ope-

117 4080 160 4133 bis
169 4078 232 4134 359.
260 4079 355 4132 Ueber
374 4078 426 4131 den
436 4080 501 4131 Aac.
524 4081 572 4132 aui
585 4095 621 4131 ca
631 4096 653 4133 s.
706 4100 749 4148 ra,
759 4081 900 4135 disselben
909 4080 1008 4132 worse
1017 4080 1067 4148 ΙΙΙ,
1079 4084 1103 4144 1,
1115 4083 1139 4135 i.

115 4167 151 4203 za
161 4150 198 4215 ΙΙ,
219 4151 251 4212 8,
261 4151 286 4200 7.
322 4149 433 4202 Ebenso
452 4148 573 4202 nuchhar
593 4149 655 4202 Da·
741 4151 823 4206 ctist
838 4151 898 4203 hier
913 4148 1020 4203 dhniich
1030 4150 1144 4222 gestellt
1154 4149 1235 4217 aiei,

115 4226 220 4274 tmen.
704 4225 730 4291 6,
741 4226 766 4278 3.
789 4222 838 4288 ΙΙΙ,
848 4226 874 4288 2,
885 4223 910 4271 2.
930 4220 964 4286 V,
974 4226 1001 4286 4,
1013 4221 1038 4275 1.
1058 4220 1093 4285 X,
1102 4224 1128 4283 9,
1141 4226 1167 4273 2.

149 4287 328 4354 manufortis
338 4286 390 4338 wie
400 4288 449 4356 iv,
459 4290 482 4355 1,
493 4292 520 4341 2.
534 4317 563 4328 -
572 4288 651 4353 bello,
738 4293 772 4352 ᾖ,
795 4296 816 4345 l.
836 4292 920 4344 haias
930 4307 1014 4359 opera
1022 4291 1075 4343 wie
1087 4289 1133 4356 VI,
1148 4292 1171 4355 1,
1183 4286 1209 4339 3.

115 4357 651 4426 abl.temporis,trotzdem‚dsssbeiiam
739 4363 884 4427 Quaerere
901 4357 936 4414 ‘in
952 4361 1039 4429 Fulge
1057 4358 1164 4425 davon',
1184 4354 1237 4409 wie

121 4431 192 4483 ohne
201 4427 326 4482 Attribut
337 4429 384 4481 iet.
400 4457 430 4468 ·
441 4436 570 4482 strenuus
579 4425 651 4482 ‘ent-
702 4430 764 4500 VII,
773 4434 798 4499 7,
807 4433 833 4485 a.

169 4532 334 4578 uoltuque.
358 4532 377 4576 8.
391 4531 451 4576 nua
1046 4533 1063 4582 6

314 3580 442 3590 -β-
