2744 5056
172 724 215 788 34
523 737 570 791 rv.
587 735 790 789 Pausanias
809 731 886 794 car,
903 741 928 794 o.

139 922 156 974 5
172 922 252 974 runt.
281 912 458 986 Pausanias,
479 916 512 970 nt
530 909 639 970 audivit
652 908 799 987 Argilium:
812 909 982 986 confugisse
997 912 1027 970 in
1044 927 1141 979 arana,
1162 917 1284 987 pertur-

172 998 258 1059 batus
273 998 352 1057 venit
367 1014 412 1056 eo.
442 994 536 1065 Quem
551 1012 619 1055 cum
633 993 797 1072 supplicem
813 995 861 1054 dei
877 994 989 1055 rideret
1004 995 1035 1052 in
1051 1012 1103 1055 ara
1117 994 1284 1063 sedentem,

172 1083 302 1161 quaerit,
324 1098 431 1147 causae
449 1078 519 1156 quid
536 1081 574 1139 sit
588 1087 647 1138 tarn
663 1080 813 1157 repentini
829 1077 952 1139 consilii.
981 1077 1056 1138 Huic
1072 1077 1136 1146 ille.
1159 1079 1230 1156 quid
1248 1099 1285 1140 ex

138 1167 276 1228 blitteris
302 1165 509 1243 comperisset,
535 1165 642 1240 aperit.
686 1163 773 1223 blodo
795 1164 887 1240 magis
909 1163 1070 1224 Pausanias
1091 1163 1285 1241 perturbatus

172 1269 258 1312 orare
279 1251 392 1328 coepit,
414 1268 451 1309 ne
472 1250 639 1309 enuntiaret
654 1265 710 1307 nec
725 1267 772 1317 se,
789 1249 926 1308 meritum
943 1248 979 1307 de
994 1247 1046 1307 illo
1062 1249 1190 1326 optime,
1212 1266 1284 1326 pro·

172 1336 270 1397 deret:
286 1335 365 1411 qnod
381 1336 406 1394 si
422 1352 486 1394 earn
502 1333 616 1393 veniam
631 1331 687 1392 sibi
699 1332 828 1393 dedisset
839 1334 985 1409 tantisque
995 1331 1179 1410 implicatum
1192 1331 1286 1394 rebus

171 1419 366 1488 sublevasset,
383 1435 490 1494 magno
507 1419 534 1477 ei
549 1419 682 1494 praemio
699 1415 839 1477 futurum.

256 1504 285 1568 5.
300 1504 353 1564 llis
368 1501 458 1563 rebus
473 1501 577 1579 ephori
593 1503 718 1577 cognitis
734 1503 824 1562 satius
836 1508 976 1580 putarunt
987 1502 1016 1560 in
1030 1501 1106 1561 urbe
1118 1519 1186 1561 eum
1200 1519 1284 1561 corn-

170 1588 328 1669 prebendi.
359 1584 422 1655 Quo
446 1603 513 1645 curn
531 1595 630 1646 essent
644 1586 786 1665 proiecti,
808 1593 837 1646 et
852 1586 1011 1646 Pausanias
1027 1585 1142 1665 placato
1158 1585 1283 1662 Argilio,

172 1682 203 1735 ut
217 1672 354 1752 putabat,
370 1670 623 1731 Laccdaemduem
638 1679 853 1741 reverteretur,
869 1671 900 1729 in
913 1672 1036 1747 itinere,
1053 1688 1121 1730 curn
1132 1671 1191 1731 iarn
1202 1673 1232 1729 in
1247 1689 1283 1729 eo

172 1767 259 1827 esset,
276 1754 630 1833 utcomprebenderetur‚
645 1774 681 1816 ex
693 1754 771 1814 vultu
784 1755 936 1815 cuiusdam
949 1755 1069 1834 ephori.
1087 1756 1217 1832 quicum
1231 1755 1285 1814 ad·

139 1841 288 1902 amoueri
310 1838 462 1917 cupiebat,
483 1841 603 1900 insidias
625 1840 682 1900 sibi
701 1840 767 1900 fieri
787 1838 940 1900 intellexit.
971 1840 1072 1920 ltaque
1093 1841 1197 1918 paucis
1214 1850 1284 1899 ante

172 1924 327 2004 gradibus,
349 1941 437 2001 quam
458 1926 509 2003 qui
534 1943 601 1984 eurn
616 1923 831 2001 sequebantur,
854 1925 885 1983 in
901 1924 1004 1985 cedens
1020 1925 1185 2000 Minervae,
1207 1940 1285 2000 quae

172 2008 353 2073 Chalcioicos
367 2017 504 2078 vocatur,
520 2010 662 2086 confugit.
693 2009 769 2068 Hinc
784 2025 822 2069 ne
838 2010 920 2068 exire
934 2016 1050 2086 posset,
1067 2010 1164 2068 statim
1178 2007 1283 2086 epbori

169 2095 265 2155 valvas
287 2095 350 2154 cius
371 2093 451 2154 aedis
468 2093 680 2154 obstruxerunt
694 2100 867 2169 tectumque
882 2099 950 2152 sunt
966 2091 1113 2163 demoliti,
1129 2110 1187 2170 quo
1205 2092 1283 2153 celc-

137 2182 232 2242 :lrius
258 2177 312 2238 sub
338 2179 404 2238 divo
430 2179 575 2238 interiret.
618 2177 731 2236 Dicitur
758 2195 792 2236 eo
814 2185 950 2254 tempore
971 2185 1097 2238 matrem
1119 2178 1284 2238 Pausaniae

171 2265 277 2323 vixisse
298 2279 422 2340 eamque
442 2262 500 2320 iarn
520 2278 626 2336 magno
650 2270 735 2334 natu,
757 2268 916 2340 postquam
940 2261 976 2321 de
998 2262 1111 2323 scelere
1129 2259 1182 2321 lilii
1202 2279 1285 2321 corn·

170 2349 262 2427 perit,
284 2347 314 2404 in
336 2346 439 2423 primis
461 2345 495 2404 ad
517 2343 608 2405 filium
628 2345 824 2406 claudendum
841 2345 970 2423 lapidem
986 2346 1021 2406 ad
1034 2348 1187 2406 introitum
1203 2346 1286 2406 aedis

204 2521 230 2570 b.
255 2518 403 2586 supplicem
422 2518 475 2582 dei,
505 2518 555 2570 das
573 2517 702 2585 Adiectiv
786 2521 811 2570 2.
844 2518 942 2584 paucis
968 2526 1033 2570 ante
1057 2519 1195 2588 gradibus
1221 2514 1287 2568 ‘we-

169 2589 284 2657 cupplcx
301 2587 448 2639 verbindet
459 2589 556 2641 Cicero
574 2588 622 2640 ruit
639 2590 700 2640 dern
751 2587 813 2654 nige
832 2587 954 2640 Scbritte
978 2585 1090 2643 frriber'.
1142 2591 1213 2640 Ante
1230 2587 1286 2638 und

168 2659 458 2723 Datin-sedentem,
473 2659 507 2710 irn
518 2659 551 2711 1).
565 2658 701 2710 derlnfin.
732 2664 812 2724 ¹perd
842 2658 913 2710 belm
940 2658 1052 2710 Ablativ
1077 2665 1167 2711 treten
1193 2657 1288 2724 h‘aiufig

168 2731 224 2782 Der
242 2730 371 2780 Lateiner
388 2729 534 2782 verbindct
546 2728 590 2780 die
607 2729 702 2782 Verba
750 2728 886 2779 zwiscbeu
905 2728 1124 2781 dasSubstnntiv
1142 2727 1196 2779 und
1209 2728 1287 2778 seine

170 2798 701 2867 dersinnttohenwahroehmongpaiaeo,
751 2797 914 2867 Beilr'igung.
947 2826 980 2835 -
1013 2799 1060 2865 qui
1093 2798 1286 2864 sequebantur,

170 2869 359 2920 animaduerto
378 2870 442 2931 cet.)
465 2869 512 2919 rnit
533 2868 592 2920 dern
610 2869 701 2923 Perti-
751 2869 880 2919 verlabre
890 2867 944 2919 wie
954 2868 1001 2920 mii
1010 2869 1057 2934 qui
1067 2869 1185 2919 aderant
1194 2872 1219 2930 3,
1229 2872 1255 2919 2.

169 2938 276 3006 cipiurn,
303 2954 382 2989 weun
411 2937 455 2987 die
474 2938 548 3005 Lege
567 2939 635 2992 oder
652 2941 702 2991 der
786 2938 957 2989 Chalcioicos
1000 2937 1192 3005 (Χαλκίοικος)
1230 2931 1284 2987 ‘ein

168 3005 300 3071 Zustand,
319 3007 347 3057 in
365 3007 493 3057 welchern
511 3009 634 3060 mendic
653 3011 701 3061 be·
752 3008 865 3060 ebernes
891 3008 967 3059 Heus
1001 3002 1188 3067 bewobnend'‚
1222 3006 1286 3057 weil

168 3075 405 3144 theiligtePerson
426 3076 591 3128 oderSacbe
610 3080 700 3131 wahr-
748 3077 827 3143 jener
844 3079 957 3146 Tempcl
980 3077 1027 3127 mit
1046 3076 1285 3128 ebernenPlatteu

169 3148 268 3207 ninrnrt,
280 3145 440 3197 bezeichnet
449 3148 561 3198 werden
571 3147 630 3200 soll.
751 3149 962 3216 ausgescblcgen
979 3163 1047 3198 war.
1083 3144 1163 3196 Paus.
1173 3145 1229 3197 floh
1240 3149 1287 3212 je-

202 3234 303 3269 causnc
320 3217 395 3283 quid,
421 3217 505 3284 genii.
524 3219 627 3287 partit„
650 3219 702 3270 wir
751 3217 822 3269 docb
832 3219 907 3270 nicht
920 3218 947 3269 in
958 3217 1052 3268 diesen
1061 3215 1175 3283 Tempel
1185 3215 1283 3280 selbst‚

167 3281 293 3339 ‘welches
305 3287 353 3338 der
364 3283 527 3340 Grundsei'.
751 3289 868 3339 sondern
887 3288 914 3339 in
935 3287 976 3339 ein
996 3303 1055 3338 zurn
1073 3285 1286 3353 'llempelbezirlr

202 3358 227 3412 6.
247 3358 334 3409 Modo
351 3357 409 3410 hier
418 3358 444 3410 in
455 3360 574 3411 seltener
583 3358 699 3411 Bedeut.
750 3358 920 3426 gcbdrcndes
938 3357 1024 3420 Hans,
1053 3355 1106 3407 und
1124 3372 1175 3407 nur
1193 3356 1285 3408 dieses

167 3421 253 3492 ‘jetzb
273 3421 411 3495 sogleicb'‚
429 3429 469 3479 als
486 3447 517 3480 er
534 3429 612 3482 niiml.
628 3429 699 3491 hort,
749 3429 844 3481 wurde
864 3427 1101 3480 verrammeltund
1122 3425 1285 3494 abgedeckt,

169 3495 234 3546 dass
252 3495 301 3546 der
311 3496 428 3563 Argilier
442 3499 510 3550 auch
520 3499 612 3550 seinen
622 3499 701 3550 Briei
750 3499 812 3549 weil
840 3514 869 3548 es
895 3497 940 3548 fiir
966 3497 1110 3549 unerlaubt
1135 3497 1201 3562 gali,
1236 3497 1285 3547 Je-

167 3565 373 3632 geleseubatte.
750 3566 863 3619 munden
889 3566 923 3618 irn
948 3566 1063 3634 Tempel
1091 3565 1158 3617 oder
1184 3565 1284 3617 descen

201 3637 387 3702 necprodcrct
396 3636 604 3689 entbdltlreiuen
614 3654 699 3689 neuen
750 3637 876 3704 belligern
903 3636 1020 3689 Bezirlre
1045 3652 1080 3688 zu
1100 3637 1197 3688 tddten
1216 3634 1284 3687 oder

168 3705 326 3766 Gedanlren,
342 3705 458 3759 sondern
470 3709 530 3759 eine
542 3707 700 3760 erkliirende
749 3708 908 3776 gewaltsarn
926 3721 959 3757 zu
975 3707 1120 3774 ergreifcn.
1155 3705 1285 3757 Ausder-

168 3775 443 3844 Vervollstindigung
473 3777 522 3829 des
549 3794 583 3829 nc
612 3794 699 3828 cnun-
750 3777 842 3830 selben
862 3776 953 3828 Scbeu
969 3775 1216 3842 vorEntweibung
1234 3774 1285 3827 des

149 3845 698 3915 ·tieret,daberstebtnepue,nicbtnevc3
752 3846 947 3915 Heiligtbumes
970 3846 1034 3898 liess
1059 3861 1119 3897 nran
1142 3845 1187 3896 ibn
1209 3845 1284 3898 nicht

166 3918 219 3984 vgl.
238 3917 295 3968 Cic.
312 3918 347 3969 de
363 3916 436 3981 olfac,
448 3921 470 3982 1,
483 3923 528 3971 ill:
545 3919 698 3970 cavendum
748 3919 783 3970 im
794 3917 911 3985 heiligen
920 3917 1035 3969 Bczirlce
1050 3915 1136 3966 selbot
1145 3915 1267 3970 sterben.

167 3994 256 4048 cubuc
266 3986 487 4040 adsectatoribus
494 3989 698 4057 patefaciamus
783 3989 808 4044 3.
827 3987 938 4039 Dicitur
955 3981 1129 4054 unpers.(‘es
1150 3983 1219 4035 wird
1235 3985 1285 4037 be·

168 4073 247 4107 aures
257 4073 307 4108 nec
316 4058 429 4109 adulari
439 4076 488 4110 nos
499 4059 631 4112 sinamus.
748 4058 883 4126 hauptet’)
904 4057 951 4109 init
961 4056 1020 4108 dem
1030 4071 1150 4108 accuse.
1157 4054 1207 4106 inf.
1214 4055 1285 4106 ohne

204 4127 276 4191 quod
294 4128 318 4178 ci
336 4128 433 4197 kndpit
447 4130 498 4181 den
508 4130 576 4182 Sata
587 4131 627 4182 als
638 4129 698 4180 eine
747 4129 849 4180 Zusutz
860 4126 935 4178 eines
946 4125 1080 4193 Adverbs,
1090 4125 1143 4176 wie
1156 4141 1218 4175 uere
1227 4126 1284 4178 und

169 4193 322 4265 Polgernng
338 4215 371 4250 an
390 4198 439 4251 das
459 4199 698 4267 Vorbcrgebende,
749 4197 829 4256 isbal..
846 4195 1067 4248 istcineseltene
1078 4195 1283 4247 Construction.

166 4259 253 4315 ‘wenn
280 4263 427 4323 demnacb'.
458 4298 492 4307 -
517 4270 626 4320 ueniam
652 4270 698 4320 de·
748 4262 1179 4333 -ciaeissc‘babenocbgelebt'.

167 4334 311 4386 dissetwic
322 4334 356 4399 ΙΙ,
370 4337 409 4401 10,
422 4338 445 4388 1.
782 4353 886 4407 magno
904 4343 976 4388 nain
995 4331 1055 4388 ‘von
1076 4336 1169 4388 bobem
1188 4330 1285 4401 Aller',

200 4404 237 4466 ὅ,
256 4407 278 4455 l.
298 4405 489 4472 comprehendi
506 4408 560 4460 und
578 4408 698 4460 nacbber
747 4404 1281 4476 gewdbnlichergrnndicnatu‚s.XlV,

166 4475 564 4537 admoneris.zuciolari4‚l.
748 4482 773 4543 7,
785 4478 810 4532 i.

201 4545 232 4599 in
241 4561 272 4598 cc
282 4553 359 4605 essct.
370 4554 401 4599 ut
412 4545 465 4597 wie
475 4547 497 4614 l,
508 4551 533 4616 7,
543 4550 569 4602 3.
783 4546 813 4597 in
821 4546 916 4614 primic
925 4541 1014 4600 ‘unter
1023 4546 1076 4598 den
1086 4539 1195 4599 ersten’.
