2744 5056
10 39 956 249 υ

10 274 16 287 Ι
707 286 709 292 ι

213 316 216 325 ι

406 639 440 692 Π.
465 635 742 692 THEMISTOGLES
760 637 836 692 CAP.
854 644 878 693 3.
1176 624 1215 687 17

91 816 226 878 ‘inferret
251 813 389 892 Europae
422 830 489 873 cum
521 815 611 874 tantis
643 813 751 892 copiis,
783 819 907 889 quantas
938 829 1035 889 neque
1066 819 1134 874 ante
1159 830 1216 873 nec

96 909 200 981 postea
228 898 332 959 hahuit
357 897 525 976 quisquam:
551 897 640 958 huius
655 899 733 958 enim
761 895 865 957 classis
892 894 973 956 mille
994 905 1023 956 et
1038 898 1083 959 tc
1098 899 1242 966 naviums

95 985 255 1063 longarum
294 982 363 1058 fuit,
412 1000 498 1060 qnam
543 982 601 1040 duo
637 981 719 1041 milia
756 981 960 1042 onerariarum
999 981 1215 1061 sequebantur;

97 1076 259 1130 terrestres
286 1074 384 1127 autem
414 1068 560 1127 exercitus
589 1066 660 1127 DCC
692 1065 841 1144 pediturn,
879 1066 1010 1142 equitum
1026 1060 1117 1127 tuuc
1137 1065 1243 1138 miliae

95 1154 233 1214 luerunt:
270 1152 354 1211 cuius
387 1150 423 1211 de
449 1150 575 1211 adventu
602 1168 669 1210 cum
695 1151 771 1210 lema
798 1151 829 1209 in
856 1151 1010 1210 Graeciam
1041 1157 1118 1211 esset
1148 1167 1216 1227 per·

93 1237 163 1306 lata,
180 1243 209 1298 et
223 1237 350 1296 maxime
365 1235 562 1296 Athenienses
576 1236 637 1313 peti
653 1234 824 1295 dicerentur
839 1244 963 1314 propter
978 1252 1107 1313 pugnarn
1123 1235 1216 1296 Mara-

95 1322 244 1396 thoniam,
259 1321 407 1380 miserunt
421 1318 551 1397 Delphos
566 1319 748 1389 consultum,
765 1319 905 1395 quidnam
922 1319 1056 1380 iacerent
1071 1319 1108 1380 de
1123 1319 1216 1380 rebus

95 1407 166 1470 suis.
210 1403 452 1466 Deliberantibus
468 1404 570 1482 Pythia
586 1405 748 1482 respondit,
765 1413 797 1463 ut
812 1402 968 1464 moenibus
984 1402 1089 1480 ligneis
1104 1423 1136 1465 se
1151 1422 1215 1464 mu·
1231 1435 1246 1484 7

92 1491 202 1551 errent
229 1489 260 1549 ld
281 1506 457 1566 responsum
474 1505 533 1565 quo
545 1487 669 1560 valeret,
686 1507 752 1549 cum
770 1487 957 1564 intellegeret
977 1505 1081 1558 nemo,
1098 1488 1216 1549 Themi-

94 1573 203 1635 stocles
224 1574 372 1652 persuasit
398 1572 554 1634 consilium
577 1592 642 1633 esse
656 1573 816 1651 Apollinis,
846 1580 877 1632 ut
900 1575 931 1632 in
947 1590 1036 1633 naves
1051 1591 1083 1632 se
1104 1590 1215 1650 suaque

96 1658 284 1721 conferrent:
302 1675 370 1718 eum
387 1659 466 1718 enim
482 1677 498 1719 a
515 1658 571 1718 deo
587 1657 748 1734 significari
763 1675 882 1717 murum
899 1658 1040 1735 ligneum.
1064 1655 1128 1718 Tali
1144 1675 1215 1717 con-

95 1741 161 1802 silio
183 1741 312 1822 probato
328 1741 438 1803 addunt
453 1742 489 1801 ad
506 1743 678 1820 superiores
693 1742 815 1801 tolidem
831 1759 920 1803 naves
934 1742 1087 1809 triremes,
1103 1758 1216 1818 suaque

95 1827 203 1897 omnia,
230 1845 307 1904 quae
333 1828 446 1887 moueri
472 1835 625 1905 poterant,
651 1827 759 1903 partim
776 1824 925 1885 Salamina
941 1827 1047 1903 partim
1064 1826 1215 1887 Troezena

95 1911 267 1990 deportant,
284 1928 384 1972 arcem
400 1910 605 1972 sacerdotibus
621 1911 784 1988 paucisque
799 1908 963 1969 maioribus
979 1918 1049 1968 natu
1073 1910 1108 1970 ad
1131 1929 1216 1970 sacra

93 1995 281 2073 procuranda
296 1995 425 2071 tradunt,
442 1994 591 2072 reliquum
607 1995 747 2074 oppidum
764 1993 945 2071 relinquunt.

159 2095 188 2155 3.
211 2094 307 2156 Huius
322 2095 480 2155 consilium
495 2095 648 2174 plerisque
664 2095 831 2156 civitatibus
847 2093 1031 2173 displicebat,
1050 2102 1078 2156 et
1092 2096 1123 2154 in
1138 2102 1215 2156 terra

94 2180 231 2240 dimicari
253 2182 346 2257 magis
365 2179 511 2259 placebat.
556 2180 659 2257 ltaque
674 2181 756 2240 missi
771 2187 840 2239 sunt
863 2179 971 2240 delecti
992 2197 1060 2240 cum
1076 2179 1216 2248 Leonida,

94 2264 398 2326 Lacedaemoniorum
414 2281 500 2342 rege,
528 2266 578 2344 qui
593 2263 807 2344 Thermopylas
830 2271 1013 2342 occuparent
1039 2263 1217 2342 longiusque

94 2348 238 2410 barbaros
253 2349 393 2427 progredi
409 2366 470 2408 non
486 2357 672 2428 paterentur.
716 2348 753 2408 lli
769 2350 826 2407 vim
842 2348 971 2408 hostium
988 2365 1047 2407 non
1069 2351 1217 2409 sustinue-

1224 1714 1242 1762 8

128 2583 154 2635 5.
188 2582 246 2636 ruit
282 2599 305 2633 s.
342 2599 375 2633 zu
411 2582 432 2647 l,
468 2587 494 2648 2,
528 2585 544 2636 3
571 2590 631 2634 erut
682 2600 736 2649 qno
763 2583 794 2633 id
808 2598 969 2650 responsum
991 2577 1217 2650 valeret‘zielte’,

91 2650 233 2721 dignitate
253 2652 344 2721 regio.
367 2679 401 2688 —
419 2667 504 2703 naues
526 2652 630 2722 longae
683 2653 736 2721 vgl.
747 2651 817 2718 zul,
831 2656 892 2719 1,4.

25 2752 31 2758 -
89 2717 314 2790 ‘Kriegsschiffe'.
371 2719 420 2771 Sie
446 2739 539 2774 waren
567 2722 630 2790 lang

93 2790 150 2842 und
176 2790 275 2843 schmal
307 2791 410 2859 ἕψω
435 2790 490 2842 und
519 2792 627 2843 hiessen
712 2757 864 2825 persuasit,
885 2771 986 2806 warum
1006 2755 1076 2824 folgt
1091 2754 1152 2806 hier
1168 2754 1218 2806 der

92 2860 161 2912 nach
188 2860 237 2912 der
257 2859 325 2912 Zuhl
348 2859 399 2911 der
426 2861 628 2914 tibereinander

90 2929 294 2998 engebrachten
316 2929 423 2983 Reihen
443 2947 498 2983 von
519 2931 627 2984 Ruder-

90 2999 195 3052 binlren
214 3001 352 3066 triremes,
376 3001 562 3067 quadriremes
572 3001 626 3053 und

92 3086 114 3123 s.
123 3087 158 3119 w.
185 3069 301 3121 Erstere
316 3085 410 3121 waren
421 3070 466 3121 dia
475 3072 627 3139 gebriiuch-

91 3139 216 3191 lichsten.
257 3138 310 3189 Die
330 3139 412 3190 Last-
434 3139 501 3191 oder
523 3142 627 3193 Trans.

89 3208 263 3277 portschiffe,
288 3223 372 3257 naves
388 3210 544 3276 numeriae,
569 3227 628 3261 wa-

88 3276 222 3328 renbreit
248 3276 301 3327 und
335 3274 460 3346 bauchig.
486 3307 521 3316 --
548 3294 628 3344 quern

88 3353 229 3398 :eteann

123 3455 265 3500 terrestres
281 3448 433 3515 exercitus,
448 3449 500 3500 wir
514 3449 549 3500 im
565 3449 628 3501 Sin-

90 3519 181 3587 gulare
191 3513 249 3569 ‘des
259 3513 422 3570 Landheer’.

124 3623 149 3675 6.
169 3622 305 3673 aduentus
340 3622 400 3673 hier
435 3617 493 3673 ‘des
520 3621 628 3674 Heren-

93 3686 211 3743 rhcken’.

126 3794 303 3846 Athenienses
318 3796 377 3884 peti
395 3791 436 3847 ‘es
455 3795 497 3877 sei
518 3796 567 3846 auf
583 3795 628 3846 die

89 3864 152 3914 Ath.
164 3865 317 3932 abgesehen
332 3885 340 3929 3
352 3865 520 3933 ergenthch‘l

89 3969 261 4088 Ldesedere
279 3970 336 4020 soie
368 3965 405 4020 ‘in
423 3968 535 4021 Betreff
553 3967 629 4018 ihrer

114 4054 164 4105 age
176 4074 182 4087 .

124 4140 350 4193 Deliberantidns
359 4159 381 4199 s,
393 4158 427 4192 zu
436 4141 458 4205 1,
471 4144 518 4208 l,2
527 4141 628 4192 delibe-

89 4217 181 4262 ratum
194 4209 272 4260 missi
286 4217 360 4261 sunt.
376 4241 408 4251 -
421 4211 577 4278 respondit,
587 4217 627 4276 att,

91 4297 192 4332 warum
210 4286 242 4330 nt
252 4279 320 4331 nach
330 4279 390 4331 dem
405 4298 432 4331 v.
448 4280 627 4332 declarandi?

90 4368 114 4401 s.
124 4367 157 4401 zu
167 4349 241 4415 XlV,
252 4349 276 4416 h,
289 4351 313 4399 1.

123 4456 149 4504 t.
159 4453 269 4507 Constr.
285 4469 347 4502 cunt
357 4451 531 4522 intellegeret
540 4468 626 4517 nemo,

142 4554 229 4597 GORN.
241 4555 311 4596 Nun.
336 4553 354 4594 8.
369 4553 428 4596 nufl.

680 2843 769 2878 accus.
782 2845 806 2878 c.
817 2825 886 2878 intr

713 2947 775 2982 eum
784 2915 984 2999 -signifieuri
992 2921 1061 2979 ‘dies
1072 2928 1111 2979 sei
1122 2928 1148 2979 d.
1160 2927 1218 2979 hiil·

679 3017 762 3052 zerne
772 2999 882 3065 Manet,
892 2993 1015 3049 welche'.

712 3103 738 3155 8.
760 3102 826 3154 Tuli
841 3095 964 3154 ‘salcher’
974 3122 1008 3146 =
1024 3100 1115 3151 dieser
1128 3116 1158 3150 so
1168 3101 1218 3150 be-

679 3172 829 3223 schaffene.
847 3201 883 3210 —
903 3171 1055 3222 addunt-
1070 3170 1219 3235 deportant

680 3248 729 3292 cet.
740 3259 760 3293 s.
771 3258 805 3292 zu
814 3243 843 3306 Ι,
854 3245 884 3307 2,
895 3238 1076 3294 areuertiter.

713 3328 868 3396 superiores
877 3349 903 3374 =
908 3327 1025 3396 priores,
1036 3325 1092 3393 vgl.
1103 3328 1118 3389 S
1129 3329 1154 3377 2.

713 3431 818 3481 suaque
835 3415 937 3480 omniu,
954 3411 1022 3465 auch
1037 3411 1219 3463 ihreWeiber

679 3485 733 3536 und
743 3484 863 3545 Kinder;
883 3502 953 3551 quae
968 3483 1072 3534 moveri
1086 3490 1218 3550 poterunt

679 3553 750 3606 wird
762 3555 797 3604 im
808 3554 841 3605 D.
851 3553 895 3605 ein
905 3554 1041 3620 hdjectiv⁸

716 3657 876 3722 Salamina,
896 3657 1039 3709 Troezena
1052 3655 1107 3722 vgl.
1117 3655 1215 3706 Mura-

679 3728 767 3779 tdonu
776 3728 798 3794 1,
810 3731 841 3794 4,
855 3730 880 3778 2.

714 3865 793 3923 tm.
821 3864 919 3915 delecti
946 3860 1016 3913 ‘eine
1043 3860 1217 3912 auserlesene

680 3929 803 3987 Schnar’.
830 3935 877 4000 qui
892 3963 926 3972 -
937 3938 1102 3999 occuparent
1117 3961 1147 3969 -
1160 3947 1216 3981 non

679 4011 859 4073 paterentur,
875 4003 929 4053 wie
944 4003 981 4052 ist
990 4001 1040 4050 der
1049 4001 1128 4067 Couj.
1139 4000 1172 4050 im
1184 4002 1216 4051 D.

680 4091 713 4125 zu
729 4072 919 4125 bezeichnen?
943 4089 965 4126 s.
981 4086 1015 4121 zu
1030 4071 1079 4136 qni
1093 4071 1217 4121 consule·

680 4152 742 4195 rent
757 4143 785 4206 I,
804 4147 832 4206 1,
848 4146 873 4194 2.
897 4140 936 4192 its
955 4141 1031 4192 steht
1046 4141 1122 4192 nicht
1140 4157 1215 4199 neue,

679 4214 743 4264 weil
753 4229 809 4264 non
824 4210 887 4280 puli
899 4210 1114 4278 einenBegriff
1121 4210 1216 4270 bildet,

681 4277 819 4338 ‘wehren'.

714 4384 755 4433 oie
776 4384 836 4435 hier
855 4384 899 4436 die
917 4380 1044 4447 εΜειεεεὲ,
1065 4384 1109 4434 die
1132 4381 1216 4432 durch

678 4453 722 4503 ihr
732 4454 860 4505 Gewieht
868 4454 960 4526 wirkt.

997 4557 1012 4603 2
