2744 5056
1266 288 1269 293 ,
1298 34 1366 332 ΠΙ

1317 294 1346 312 :¹-

188 692 249 758 142
526 705 612 764 XXII,
630 703 821 760 Hammone
839 703 915 760 OAP.
933 711 958 764 4.

186 882 312 961 turpius,
325 898 413 958 quam
425 897 479 959 par
492 888 564 949 erat,
581 879 618 941 ab
629 879 798 941 Hamilcare
809 871 1018 959 loquebantur.
1041 880 1107 942 Non
1119 882 1197 942 euim
1211 880 1306 943 male·

186 967 246 1026 dici
259 974 340 1026 tanto
356 967 419 1024 viro
431 965 535 1026 deesse
547 973 694 1044 poterant.
724 963 788 1034 Quo
801 964 913 1026 facturn
926 977 984 1035 est,
1001 973 1034 1026 ut
1045 984 1061 1025 a
1074 968 1227 1045 praefecto
1241 984 1305 1026 mo·

185 1069 253 1112 rum
272 1048 439 1111 Hasdrubal
460 1067 526 1109 cum
550 1068 586 1110 eo
609 1059 758 1110 vetaretur
781 1068 855 1111 esse.
886 1049 962 1110 Huic
983 1048 1033 1111 ille
1053 1050 1142 1111 liliam
1164 1068 1251 1112 suam
1272 1052 1304 1111 in

186 1136 407 1196 matrimonium
423 1133 519 1204 dedit,
537 1134 616 1213 quod
631 1133 766 1195 moribus
782 1151 887 1195 eorum
899 1151 959 1194 non
971 1143 1089 1215 poterat
1099 1134 1242 1196 interdici
1253 1154 1301 1196 so·

39 1227 44 1234 '
151 1229 256 1280 acero
277 1236 397 1296 genero.
434 1218 476 1280 De
497 1218 555 1278 hoc
575 1219 643 1280 ideo
663 1220 845 1280 mentionem
866 1219 1007 1288 fecimus,
1029 1219 1108 1300 quod
1132 1219 1304 1282 Hamilcare

135 1317 173 1358 an
187 1305 287 1365 occiso
302 1303 352 1365 ille
369 1305 512 1365 exercitui
527 1304 657 1384 praefuit
670 1321 780 1382 resque
795 1321 918 1380 magnas
929 1305 1034 1380 gessit,
1051 1315 1079 1364 et
1090 1305 1234 1384 princeps
1245 1303 1304 1365 lar·

186 1392 297 1465 gitioue
309 1396 439 1450 vetustos
451 1389 594 1468 pervertit
605 1404 705 1449 mores
716 1387 1015 1465 Carthaginiensium,
1029 1389 1225 1466 eiusdemque
1236 1397 1303 1470 post

134 1488 170 1528 arr
186 1481 310 1534 mortem
327 1472 474 1534 Hannibal
490 1471 527 1533 ab
543 1475 676 1534 exercitu
691 1474 806 1551 accepit
820 1473 988 1551 imperium.
1085 1526 1105 1540 ,,

269 1559 299 1618 4.
316 1559 352 1618 At
362 1555 524 1632 Hamilcar,
535 1566 728 1637 posteaquam
741 1575 824 1619 mare
836 1558 952 1619 transiit
963 1558 994 1617 iu
1005 1558 1242 1638 Hispaniamque
1254 1577 1302 1620 ve·

185 1645 241 1720 nit,
265 1659 387 1719 magnas
413 1660 463 1702 res
478 1642 607 1703 secunda
624 1643 716 1720 gessit
730 1642 863 1710 fortuna;
886 1643 1028 1703 maximas
1043 1642 1302 1705 bellicosissimas·

184 1744 242 1803 que
257 1735 360 1803 gentes
376 1726 507 1805 subegit:
525 1728 625 1807 equis,
643 1729 747 1793 armis,
763 1728 848 1799 viris,
866 1727 991 1805 pecunia
1006 1734 1096 1787 totam
1111 1725 1303 1806 locupletavit

150 1811 323 1873 aeilricum.
366 1810 422 1872 Hic
444 1829 512 1873 oum
532 1814 563 1871 in
585 1810 698 1872 ltaliam
719 1810 831 1872 bellum
854 1811 967 1873 inferre
988 1811 1199 1881 meditaretur,
1221 1831 1301 1874 nouo

186 1914 280 1975 anno,
303 1905 459 1975 postquam
474 1898 505 1957 in
520 1896 693 1977 Hispaniam
709 1905 845 1971 venerat,
866 1895 896 1954 in'
913 1895 1028 1974 proelio
1044 1914 1181 1976 pugnans
1197 1897 1302 1960 adrer-

150 1983 390 2044 tsus⁵Vett6nes
411 1983 529 2042 occisus
551 1991 603 2044 est.
633 1980 728 2042 Huius
748 1989 925 2059 perpetuum
948 1980 1049 2041 odium
1064 1998 1133 2058 erga
1150 1980 1302 2044 Romanos

183 2067 309 2126 maxime
331 2069 496 2126 concitasse
516 2066 632 2128 videtur
653 2064 816 2125 secuudum
838 2062 950 2125 bellum
965 2064 1137 2128 Poenicum.
1166 2065 1303 2145 Namque

183 2149 346 2220 Hannibal,
373 2148 451 2211 iilius
473 2152 551 2220 eius,
578 2149 706 2212 assiduis
727 2150 819 2228 patris
840 2147 1087 2210 obtestationibus
1109 2169 1145 2210 eo
1167 2159 1213 2212 est
1233 2169 1302 2231 per·

184 2235 303 2304 ductus,
320 2243 353 2296 ut
368 2237 491 2295 interire
507 2252 593 2312 quarn
610 2234 759 2295 Romanos
774 2252 834 2295 nou
851 2235 978 2313 experiri
996 2234 1105 2296 mallet.

639 2421 840 2430 ——-—

498 2591 646 2665 XXIII.
699 2590 982 2667 HANNIBAL.

269 2710 296 2769 1.
318 2706 523 2783 Hannibal,
544 2710 719 2771 Hamilcaris
740 2708 833 2779 iilius,
857 2707 1116 2786 Carthaginiensis.
1149 2713 1180 2773 st
1196 2731 1300 2775 rerum

216 2910 341 2979 turpius,
382 2927 463 2978 quana
493 2928 547 2979 par
574 2918 634 2962 erat
659 2905 714 2963 ‘dio
766 2910 878 2963 constr.
890 2910 988 2963 bellurn
998 2915 1103 2980 inferre
1112 2914 1160 2966 mit
1169 2914 1300 2970 demunt

181 2979 268 3032 Liebe
286 2988 345 3030 war
354 2979 430 3031 nicht
448 2997 478 3032 so
490 2980 587 3046 lenter,
607 2981 647 3032 als
656 2980 714 3032 sich
767 2984 799 3046 (l,
810 2980 871 3042 3,1.
890 2983 921 3044 ΙΙ,
932 2982 958 3046 2,
968 2983 998 3049 4)
1009 2983 1104 3036 wiirde'
1115 2985 1225 3038 beissen
1238 2983 1299 3038 ‘den

182 3050 299 3120 geziemt
317 3044 411 3104 hiitte’.
448 3050 505 3102 Der
520 3049 606 3102 ludio.
625 3049 677 3102 wie
690 3055 712 3113 1,
765 3049 850 3117 Krieg
868 3065 955 3117 gegen
966 3051 1065 3105 ltalien
1076 3051 1231 3124 beginnen',
1246 3056 1300 3125 vgl.

181 3125 197 3174 b
216 3126 372 3173 tenuerant.
390 3149 426 3158 -
444 3120 539 3173 Ueber
548 3120 624 3188 loqui
640 3137 662 3173 s.
681 3136 715 3173 zu
765 3123 796 3187 ll,
807 3121 860 3185 9,2
875 3121 951 3171 mala
960 3120 990 3172 in
1001 3123 1110 3175 domum
1118 3132 1196 3176 tuam
1205 3126 1301 3179 intuli.

181 3195 238 3257 Vll,
248 3193 272 3255 7,
285 3192 301 3241 2
320 3207 381 3241 cum
399 3196 449 3241 aut
461 3208 522 3243 eum
531 3192 715 3261 neglegenter
798 3195 944 3258 postquam
952 3201 1067 3245 ueneat
1076 3211 1099 3246 s.
1109 3211 1143 3246 zu
1153 3199 1195 3262 lll,
1207 3199 1234 3261 3,
1244 3199 1271 3251 8.

181 3268 231 3315 aut
239 3259 484 3326 malitioeesecieee
493 3261 678 3329 loquerentur.
801 3261 826 3313 3.
837 3277 907 3329 erga
918 3262 1058 3315 Romanor
1067 3282 1089 3315 s.
1100 3281 1134 3317 au
1145 3267 1199 3326 VH,
1211 3272 1238 3333 4,
1248 3273 1272 3319 d.

212 3327 714 3400 praefectusntorum‘Auiseherriber
800 3331 922 3382 assiduis
945 3333 1036 3400 patria
1062 3334 1299 3404 obtestationibus,

182 3402 227 3453 die
238 3400 326 3452 Sitten
338 3437 345 3450 .
764 3399 821 3468 vgl.
832 3402 926 3466 XXlll,
936 3405 962 3468 2,
972 3401 1050 3456 3-6.

216 3469 381 3521 interdicere
400 3468 489 3520 alicui
503 3470 637 3538 eliquare
656 3464 713 3520 ‘Ei-
800 3471 920 3536 experiri
946 3471 1063 3539 aliquem
1081 3470 1119 3526 ‘es
1138 3475 1186 3526 mit
1203 3474 1299 3528 Einem

180 3557 240 3592 uem
261 3546 346 3591 etwas
361 3539 515 3603 verbieteu,
530 3539 713 3607 untersagen'.
764 3535 926 3592 versuchen'
944 3541 972 3596 d.
983 3541 1002 3593 i.
1021 3538 1087 3595 ‘sich
1105 3544 1155 3596 mit
1165 3545 1219 3596 ihm
1230 3562 1300 3598 mu-

180 3611 238 3664 Den
248 3609 310 3661 Abl.
320 3625 413 3661 aucam
423 3607 516 3661 libers.
525 3604 713 3677 ‘derUmgaug
765 3603 830 3660 sen'.

180 3679 295 3733 mitdem
305 3673 563 3746 Sohwiegervater’.

212 3752 239 3803 3.
248 3750 291 3802 De
299 3751 351 3802 boc
360 3748 387 3801 d.
396 3748 415 3802 i.
426 3749 459 3800 de
468 3747 654 3800 Hasdrubale.
801 3747 834 3810 l,
846 3749 871 3801 1.
891 3751 995 3817 Wegeu
1014 3751 1062 3802 des
1072 3753 1211 3819 Anianges
1231 3769 1255 3804 s.
1265 3768 1299 3803 zu

211 3821 341 3890 princepe
358 3817 411 3869 wie
429 3820 494 3881 Vlll,
514 3820 537 3886 1,
553 3823 568 3872 b
587 3818 714 3887 princepe
765 3813 801 3879 11,
813 3818 837 3882 l,
848 3820 873 3870 1.

180 3892 279 3943 bellura
304 3889 348 3942 itia
367 3887 482 3942 indixit.
504 3917 537 3928 -
560 3889 713 3958 largitione
801 3886 832 3938 Si
849 3905 943 3941 oerum
962 3895 1001 3940 eri
1027 3888 1088 3941 hier
1108 3891 1195 3942 soviel
1216 3890 1258 3943 als
1273 3889 1299 3942 ai

181 3960 240 4012 bier
252 3952 454 4027 ‘Bestecbung'.
763 3960 941 4025 rarefactum
949 3965 989 4010 ert
1005 3954 1092 4011 ‘wenn
1100 3977 1129 4012 es
1139 3960 1300 4013 Thatsache

763 4020 818 4079 ist'.
853 4027 971 4080 Desbalb
999 4028 1069 4097 folgt
1086 4037 1127 4082 ut.
1162 4030 1219 4083 Der
1238 4030 1299 4083 Ge·

214 4096 250 4155 4.
267 4098 292 4148 1.
313 4091 653 4163 uirir(‘Mennscbaiten'),
670 4095 712 4147 in·
755 4095 942 4166 alankengeng
960 4097 1008 4150 des
1024 4117 1128 4168 genuen
1139 4100 1239 4153 Setaea
1249 4100 1298 4153 ists

181 4163 240 4217 deur
260 4182 291 4216 er
308 4164 353 4217 die
371 4168 592 4219 unterworienen
612 4165 712 4218 leker
762 4166 803 4219 lat
813 4183 842 4218 es
852 4167 1019 4236 Thetsache,
1030 4171 1093 4224 dass
1103 4170 1152 4224 das
1162 4169 1298 4223 rdrairche

180 4232 314 4303 ndtbigte,
334 4235 386 4288 deu
396 4236 569 4306 Karthageru
580 4235 713 4305 Truppen
763 4235 834 4288 Vollr
844 4237 898 4290 alle
909 4237 1012 4291 leker
1021 4240 1106 4293 durch
1115 4241 1191 4294 seins
1199 4240 1300 4292 Manu·

182 4322 214 4357 au
227 4304 334 4358 stellen.
764 4306 912 4376 haitigkeit
921 4308 1107 4363 riberwuudeu
1118 4311 1174 4377 hat,
1193 4328 1224 4363 so
1235 4310 1303 4363 dari

215 4379 240 4430 2.
259 4374 290 4426 in
299 4373 411 4427 ltaliam
420 4374 519 4426 bellum
528 4373 633 4442 inferre
650 4370 711 4428 ‘den
763 4392 823 4429 man
842 4377 918 4430 nicht
934 4379 961 4431 in
978 4379 1088 4433 Abrede
1107 4381 1213 4447 zieben,
1233 4381 1299 4433 dass

180 4443 266 4516 Krieg
283 4446 353 4499 nach
371 4443 469 4497 Italian
488 4443 626 4514 verlegen,
652 4445 713 4498 hin·
763 4446 910 4516 Hannibal,
929 4448 979 4501 der
998 4450 1068 4504 doch
1087 4450 1132 4503 die
1146 4451 1248 4504 Rdmer
1266 4468 1297 4504 so

180 4514 250 4568 iiber
274 4510 397 4586 spielen'.
449 4515 499 4568 Die
526 4515 713 4585 gewdbulicbe
764 4517 806 4569 oit
832 4517 1027 4585 iiberwuudeu‚
1047 4521 1148 4573 eberiso
1168 4521 1233 4574 sehr
1252 4520 1298 4573 die
