2744 5056
497 633 528 687 x
548 629 638 687 DION
656 631 732 687 CAP.
750 640 774 688 a.
792 639 817 690 4.
879 688 882 693 ,
1172 619 1213 684 65

100 817 133 870 ut
153 808 211 870 sibi
232 807 412 869 faterentur:
434 825 501 867 nam
522 806 598 868 velle
613 826 646 868 se
661 825 728 868 cum
745 826 780 868 eo
796 807 926 885 colloqui
941 808 978 869 de
993 809 1147 886 partiendo
1163 826 1210 869 re·

100 912 174 972 gno;
197 893 277 974 quod
301 893 413 953 sororis
433 910 503 954 suae
525 891 602 952 filios
625 911 663 953 ex
681 893 731 952 illo
753 900 837 953 natos
857 900 973 971 partem
988 893 1074 969 regni
1089 892 1211 971 putabat

100 978 212 1040 debere
235 976 356 1038 hahere.
385 976 416 1037 ld
437 977 546 1036 medici
565 993 625 1037 uon
646 985 804 1038 tacuerunt
824 985 853 1038 et
874 975 910 1036 ad
925 976 1098 1056 Dionysium
1119 976 1246 1037 filiums

99 1079 270 1125 sermonem
292 1059 479 1122 rettulerunt.
512 1057 576 1129 Quo
592 1060 642 1122 ille
658 1069 837 1138 commotus,
859 1079 897 1123 ne
913 1061 1019 1139 agendi
1035 1068 1112 1122 esset
1126 1060 1212 1121 Dioni

100 1154 245 1227 potestas,
267 1147 344 1224 patri
364 1163 503 1225 soporem
524 1144 655 1207 medicos
676 1147 748 1208 dare
770 1147 876 1223 coegit.
906 1146 970 1206 Hoc
991 1164 1079 1224 aeger
1093 1155 1211 1226 sumpto

101 1232 216 1311 sopitus
231 1230 309 1291 diem
324 1228 396 1291 obiit
411 1248 593 1310 supremum.
1226 1246 1264 1288 eor

187 1313 214 1376 3.
228 1313 298 1375 Tale
313 1315 430 1376 initium
445 1315 500 1375 luit
511 1314 612 1376 Dionis
628 1324 658 1376 et
670 1316 801 1394 Dionysii
816 1315 986 1392 simultatis
1004 1333 1097 1391 eaque
1108 1315 1208 1377 multis

100 1398 192 1461 rebus
212 1407 297 1460 aucta
319 1407 371 1459 est.
403 1400 461 1460 Sed
483 1407 582 1460 nmen
606 1401 710 1478 primis
725 1399 910 1479 temporibus
925 1398 1105 1480 aliquamdiu
1120 1402 1211 1459 simn-

99 1483 157 1545 lata
179 1484 256 1544 inter
273 1502 325 1544 eos
341 1485 472 1547 amicitia„
484 1484 600 1546 mansit,
631 1485 703 1545 Cum
719 1483 793 1544 Dion
809 1502 869 1544 non
885 1485 1039 1545 desisteret
1054 1482 1211 1544 obsecrare

99 1568 285 1647 dionysium,
307 1576 340 1628 ut
354 1566 507 1630 Platonem
522 1568 644 1630 Athenis
659 1576 826 1630 arcesseret
842 1576 872 1629 et
886 1570 950 1630 eius
965 1567 1096 1629 consiliis
1113 1575 1212 1629 utere·

100 1661 163 1730 tur,
182 1651 249 1726 ille,
273 1654 324 1730 qui
343 1653 375 1712 in
396 1652 494 1732 aliqua
512 1671 546 1713 re
561 1651 649 1714 vellet
662 1660 778 1732 patrem
793 1654 917 1723 imitari,
940 1671 1053 1714 morem
1070 1655 1098 1714 ei
1113 1654 1212 1729 gessit.

100 1736 269 1817 Eodemque
283 1744 418 1815 tempore
433 1737 586 1798 Philistum
602 1737 775 1798 historicum
792 1738 952 1817 Syracusas
967 1737 1098 1806 reduxit,
1117 1737 1212 1797 homi·
1230 1750 1246 1798 2

100 1838 169 1882 nem
185 1824 313 1882 amicum
329 1839 390 1882 non
405 1824 498 1899 magis
513 1829 638 1900 tyranno
654 1839 742 1899 quam
758 1823 900 1900 tyrannis.
931 1822 989 1882 Sed
1004 1822 1114 1899 dehoc
1129 1823 1159 1880 in
1176 1840 1211 1881 eo
1270 1885 1272 1890 ,

99 1905 178 1966 libro
192 1905 278 1982 plura
294 1912 363 1965 sunt
378 1908 525 1984 exposita,
541 1908 592 1985 qni
608 1907 644 1967 de
659 1906 809 1967 historicis
822 1907 942 1967 Graecis
958 1907 1145 1984 conscriptus
1158 1916 1209 1966 est,

99 1989 183 2051 Plato
209 1997 308 2051 autem
328 1998 442 2051 tantum
464 1990 540 2070 apud
561 1990 734 2070 Dionysium
756 1992 929 2052 anctoritate
950 1993 1044 2069 potuit
1065 1991 1212 2066 valuitque
1230 2001 1246 2052 3

100 2074 284 2154 eloquentia,
299 2082 331 2134 ut
347 2077 375 2135 ei
390 2077 572 2153 persuaserit
586 2075 750 2154 tyrannidis
765 2075 864 2136 lacere
879 2076 968 2135 finem
983 2074 1211 2151 libertatemque

99 2159 228 2221 reddere
249 2159 457 2238 Syracusanis:
481 2180 497 2220 a
519 2178 577 2238 qua
599 2161 747 2221 voluntate
769 2159 886 2220 Philisti
909 2160 1031 2221 oonsilio
1052 2160 1211 2221 deterritus

100 2241 251 2320 aliquanto
268 2243 417 2305 crudelior
434 2263 499 2306 esse
514 2246 619 2324 coepit.

184 2327 214 2391 4.
231 2323 287 2395 Qui
302 2328 421 2404 quidem
434 2346 528 2389 cuma
541 2329 635 2391 Dione
647 2349 679 2391 se
691 2331 826 2408 superari
839 2329 951 2390 videret
962 2331 1095 2406 ingenio,
1112 2337 1213 2389 aucto-

99 2412 203 2481 ritate,
226 2429 327 2474 amore
346 2411 464 2491 populi,
486 2431 592 2475 verens
615 2433 668 2484 ne,
691 2416 716 2475 si
732 2432 798 2474 eum
814 2431 914 2475 secum
930 2413 1068 2490 haberet,
1085 2413 1212 2491 aliquam
1239 2450 1241 2455 -

99 2497 302 2557 occassionem
323 2499 370 2557 sui
384 2497 468 2558 daret
483 2500 687 2578 opprimendi,
703 2516 808 2558 navem
827 2500 854 2558 ei
869 2499 1021 2559 triremem
1036 2497 1130 2567 dedit,
1153 2515 1211 2575 qua
1224 2510 1263 2551 36⁶

100 2580 273 2661 Corinthum
286 2581 506 2658 deveheretur,
534 2583 692 2644 ostendens
712 2601 745 2643 se
766 2582 795 2642 id
816 2584 971 2662 utriusque
991 2583 1090 2642 lacere
1113 2600 1210 2651 causa,

100 2833 147 2884 nui
154 2832 175 2882 i.
201 2833 238 2885 N.
253 2840 315 2901 negt
329 2834 433 2886 sowohl
447 2852 547 2918 magno
555 2835 629 2904 peri·
680 2851 733 2904 gen
746 2832 800 2885 den
810 2833 925 2902 librigen
935 2834 1214 2903 Regiorungsformen

99 2902 161 2955 octo
170 2920 226 2954 osee
236 2904 304 2970 (obl.
316 2904 428 2974 qualit.)
438 2904 477 2957 als
488 2922 629 2975 inmagno
680 2921 740 2956 vor.

96 2990 156 3041 per.
169 2990 233 3024 enoc.
715 2975 745 3025 in
757 2973 877 3040 corioro,
889 2974 970 3040 quis.
981 2974 1007 3024 d.
1019 2973 1090 3024 nint.

133 3042 247 3106 collese,
268 3058 364 3093 wovon
384 3043 540 3112 abhtngigt
559 3062 582 3097 s.
596 3062 631 3098 ιιι
717 3044 742 3097 3.
760 3050 868 3094 tantum
886 3043 985 3110 gehdrt
1003 3043 1107 3094 sowohl
1121 3060 1155 3094 zu
1162 3059 1214 3111 po-

98 3111 120 3180 l,
132 3113 557 3181 l,dicceptoprosperosuturo.
682 3113 738 3165 tuit
760 3112 799 3164 nls
818 3129 852 3163 zu
868 3112 971 3167 voluitx
998 3107 1164 3163 ‘vermochte
1183 3130 1213 3163 so

133 3182 207 3249 quod
214 3181 331 3247 putabat
352 3199 373 3232 s.
383 3189 631 3252 zutrunoportorat
683 3182 738 3234 viel
747 3181 801 3233 und
813 3180 910 3232 wirlrte
920 3199 949 3232 so
961 3176 1097 3249 michtig'.

97 3251 119 3317 1,
131 3252 158 3311 3,
170 3253 197 3301 4.
717 3252 743 3303 ei
755 3251 924 3320 persuaserit
927 3255 1040 3317 fucere,
1050 3251 1215 3318 ungewdhn—

135 3337 170 3372 co,-
180 3318 230 3369 illo
240 3325 320 3369 notos
333 3336 355 3370 s.
365 3336 399 3371 zu
409 3319 445 3386 11,
456 3321 479 3384 l,
490 3326 516 3374 2.
683 3322 753 3374 licha
768 3321 969 3373 construction.
994 3320 1060 3374 Was
1076 3319 1213 3372 erfordert

133 3391 161 3442 5.
180 3397 206 3441 et
219 3381 355 3441 ‘sondern’
369 3410 391 3447 s.
403 3407 438 3445 zu
450 3388 555 3453 XVIII,
565 3394 595 3458 4,
605 3394 630 3446 3.
683 3392 727 3443 die
737 3389 847 3460 negate

95 3466 218 3530 potestas
236 3458 289 3512 wis
308 3460 408 3529 vine,
419 3465 445 3514 5.
463 3490 498 3499 -
516 3462 631 3532 agendi,
718 3480 736 3513 a
749 3478 818 3529 quo,
837 3461 871 3511 im
889 3460 922 3510 D.
941 3459 1043 3528 knripie
1063 3462 1111 3512 mit
1129 3455 1213 3510 ‘aber’

98 3530 178 3584 nimi.
190 3537 347 3598 compatre.
684 3530 1123 3597 an.—volocntotewieVI,2,3.¹

134 3617 215 3668 sopor
224 3599 283 3652 hier
293 3594 495 3655 ‘Sohlaftrunlr'.

717 3669 753 3727 4,
776 3670 799 3720 l.
820 3670 873 3735 Qui
882 3668 990 3735 quidem
1008 3667 1061 3718 wie
1079 3667 1129 3729 1,4
1146 3683 1214 3733 quos

133 3737 169 3800 0,
188 3737 212 3791 1.
231 3739 412 3805 qui-vellet
429 3738 505 3790 dient
519 3754 568 3789 zur
578 3737 633 3789 Be·
683 3738 801 3806 quidem.
830 3769 865 3778 -
882 3737 1017 3807 ingenio,
1037 3736 1212 3798 auctoritate,

97 3805 248 3876 grtindung,
260 3809 315 3876 vgl.
324 3810 350 3873 2,
361 3813 386 3862 2.
404 3809 511 3861 Betone
521 3807 631 3874 uliquo3
684 3824 775 3860 amore
783 3806 880 3876 populi
893 3827 915 3859 s.
926 3807 988 3870 znl,
997 3807 1023 3872 8,
1033 3810 1059 3860 4.
1078 3806 1111 3872 V,
1122 3807 1146 3870 2,
1159 3808 1182 3856 1.

98 3892 122 3929 s.
133 3879 201 3943 zui,
213 3879 237 3930 l.
717 3895 807 3930 secum
826 3875 861 3929 ‘in
879 3878 968 3929 seiner
981 3875 1150 3942 Umgebung‚
1171 3891 1213 3926 um

132 3962 233 3999 morem
243 3946 269 3998 ei
277 3946 365 4015 gessit
373 3948 426 3998 wie
435 3946 472 3998 11.
483 3950 509 4015 7,
519 3947 544 3999 3.
684 3942 760 3998 sich’.
782 3976 809 3985 —
820 3947 921 4013 aliquis
938 3944 1005 3996 nach
1024 3960 1058 3994 ne
1077 3945 1113 3995 ist
1132 3945 1216 3997 nach-

133 4018 159 4068 2.
179 4017 450 4069 amicumiibersetze
460 4015 528 4068 nach
540 4016 630 4082 11‚o,1
684 4016 856 4069 driiolrlicher
866 4016 906 4068 als
919 4016 968 4066 das
978 4013 1071 4066 blosse
1084 4014 1145 4080 quio
1162 4010 1214 4066 ‘ir-

98 4101 299 4169 nequemogno
313 4103 399 4153 neque
409 4087 631 4139 loono-Ueber
681 4086 753 4155 gend
768 4079 889 4138 welche’.
908 4114 942 4123 -
961 4085 1110 4152 opprimere
1123 4079 1213 4137 ‘iiber-

99 4171 157 4207 tton
175 4174 268 4225 magos
283 4173 365 4223 quom
382 4175 405 4211 s.
415 4174 448 4209 zu
457 4157 491 4223 V,
504 4158 556 4219 1,2
573 4172 630 4208 non
682 4157 819 4224 wiltigem
830 4149 960 4210 stiirzen'.

98 4225 187 4296 magio
205 4244 297 4279 amore
324 4243 405 4293 quom
426 4243 500 4278 more
521 4225 630 4279 doetus.
716 4245 773 4294 qua
800 4228 976 4280 deveheretur
1001 4225 1054 4276 wie
1080 4223 1127 4291 qui
1148 4241 1213 4274 con-

99 4324 133 4336 ·
149 4297 277 4365 tyrannio
302 4292 361 4348 ‘der
379 4295 526 4362 Tyrannen
549 4297 632 4350 iiber-
682 4298 839 4363 salemoth
862 4302 926 4364 1‚2.
943 4297 1054 4349 Ebenso
1074 4301 1154 4346 unten
1171 4293 1213 4351 §5

98 4368 194 4436 houm,
207 4370 258 4419 der
275 4360 425 4434 Tyrannoi’
443 4367 469 4418 d.
485 4366 510 4422 h.
531 4384 561 4419 er
579 4384 632 4434 zog
683 4373 728 4433 qui
737 4385 841 4419 eum-
852 4369 1024 4420 deducerent.

10 4440 14 4461 ¹
97 4436 146 4489 dio
169 4437 433 4489 Gowaltherrschaft
451 4436 525 4489 eines
538 4436 631 4489 Einzi·
718 4439 863 4490 ostendens
872 4438 925 4489 wio
934 4436 982 4503 Ill,
993 4438 1018 4503 3,
1029 4441 1053 4490 2.

141 4572 408 4619 enumeraremus.
1044 4556 1060 4604 5
