2744 5056
480 609 566 666 xvn.
582 608 785 664 AGESEAUS
804 608 881 664 OAP.
899 615 924 666 5.
1204 597 1266 662 109

144 786 182 846 tis
204 788 321 864 patriae
341 785 504 861 paruisset,
526 800 615 862 quam
635 785 660 844 si
675 782 755 844 bello
771 794 941 858 superasset
956 784 1064 852 Asiam.
1080 783 1156 865 [Hac
1171 785 1263 861 igitur
1281 798 1298 847 4

144 875 245 930 mente
271 865 497 946 Hellespontum
524 870 625 946 copias
646 865 763 928 traiecit
782 874 922 947 tantaque
943 885 1014 930 usus
1036 878 1080 930 est
1101 868 1263 940 celeritate,

145 962 187 1024 ut
204 952 284 1029 quod
300 955 357 1013 iter
371 951 485 1013 Xerxes
500 971 579 1013 anno
595 960 729 1013 vertente
744 951 930 1026 coniecerat,
953 952 1002 1013 bie
1016 955 1169 1014 transierit
1183 953 1264 1015 XXX

146 1036 261 1099 diebus.
293 1037 366 1097 Cum
385 1037 443 1096 iam
457 1036 536 1097 baud
552 1037 592 1096 ita
607 1035 695 1113 longe
711 1036 829 1097 abesset
843 1055 859 1097 a
875 1035 1097 1116 Peloponneso,
1118 1037 1264 1099 obsistere
1282 1049 1299 1100 b

147 1123 176 1183 ei
197 1121 294 1182 conati
314 1127 383 1181 sunt
403 1120 599 1182 Athenienses
621 1130 650 1182 et
670 1120 785 1181 Boeotii
806 1122 958 1198 ceterique
973 1122 1048 1182 socii
1064 1141 1169 1184 eorum
1184 1123 1262 1201 apud
1276 1137 1316 1180 eor

61 1277 64 1281 ¹
95 1208 97 1214 '
148 1205 327 1285 Coroneam3
349 1222 425 1284 quos
447 1223 550 1265 omnes
577 1208 660 1282 gravi
680 1205 797 1283 proelio
826 1207 904 1267 vicit
942 1204 1036 1267 Huius
1057 1208 1198 1268 victoriae
1218 1206 1300 1268 vele

145 1291 271 1351 maxima
297 1287 355 1350 luit
381 1287 461 1366 laus,
490 1289 584 1366 quod,
612 1308 679 1350 cum
706 1288 842 1368 plerique
870 1309 905 1351 ex
925 1290 994 1367 luga
1015 1309 1048 1351 se
1069 1292 1099 1350 in
1121 1291 1263 1371 templum

144 1374 295 1435 Minervae
316 1374 516 1435 coniecissent
537 1382 790 1453 quaerereturque
812 1373 848 1433 ab
866 1392 916 1451 eo,
939 1373 1009 1452 quid
1025 1374 1072 1434 bis
1087 1374 1175 1436 vellet
1188 1375 1264 1445 fieri,

145 1460 200 1519 elsi
224 1456 338 1536 aliquot
351 1456 473 1519 vulnera
491 1466 647 1537 acceperat
661 1477 696 1519 eo
712 1457 827 1536 proelio
844 1467 874 1519 et
888 1460 981 1520 iratus
997 1458 1152 1519 videbatur
1167 1461 1263 1519 omni·

143 1541 216 1615 bus,
240 1543 290 1619 qui
311 1541 453 1604 adversus
473 1560 554 1603 arma
578 1542 722 1612 tulerant,
744 1550 844 1603 tamen
859 1543 997 1604 antetulit
1011 1544 1074 1604 irae
1087 1543 1264 1621 religionem

145 1635 175 1688 et
198 1644 250 1687 eos
271 1629 364 1686 vetuit
384 1625 497 1688 violari.
526 1627 630 1704 Neque
650 1644 721 1687 vero
741 1626 800 1687 hoc
821 1626 917 1687 solum
938 1629 969 1688 in
986 1628 1109 1689 Graecia
1125 1629 1210 1697 lecit,
1232 1627 1298 1687 utt'

142 1709 253 1788 templa
274 1710 400 1771 deorum
421 1719 521 1773 sancta
541 1712 683 1789 baberet,
704 1710 756 1772 sed
779 1713 867 1772 etiam
890 1712 967 1790 apud
989 1710 1135 1773 barbaros
1150 1730 1265 1774 summa

143 1793 291 1872 religione
313 1796 412 1855 omnia
432 1795 592 1857 simulacra
615 1812 740 1872 arasque
764 1796 954 1857 conservavit
986 1796 1089 1874 ltaque
1110 1796 1299 1875 praedica-8

143 1878 196 1940 bat
216 1880 322 1940 mirari
342 1897 376 1939 se
398 1897 458 1940 non
479 1880 696 1957 sacrilegorum
718 1897 843 1940 numero
862 1878 984 1948 baberi,
1007 1882 1058 1957 qui
1079 1879 1264 1959 supplicibus

144 1963 270 2025 deorum
286 1965 473 2033 nocuissent,
490 1973 540 2026 aut
559 1983 620 2026 non
641 1965 829 2041 gravioribus
844 1965 948 2044 poenis
965 1965 1057 2034 allici,
1080 1966 1130 2044 qui
1144 1964 1264 2042 religio·
1281 1975 1298 2024 2

144 2065 213 2110 nem
229 2048 408 2117 minuerent,
432 2065 520 2126 quam
533 2051 585 2127 qni
600 2050 667 2110 lana
683 2048 857 2128 spoliarent.

230 2132 260 2190 5.
285 2131 356 2194 Post
376 2132 433 2192 boc
448 2133 597 2211 proelium
618 2132 758 2194 collatum
773 2151 861 2193 omne
876 2132 988 2194 bobum
1004 2145 1049 2194 est
1065 2135 1145 2194 circa
1160 2134 1264 2195 Coriu-

144 2215 228 2277 thum
243 2215 372 2293 ideoque
389 2217 576 2279 Corinthium
593 2227 639 2280 est.
654 2216 845 2297 appellatum.
875 2217 931 2278 Hic
947 2236 1015 2279 cum
1031 2237 1089 2279 una
1101 2235 1201 2297 pugna
1214 2218 1266 2277 de·-

145 2318 212 2362 cem
227 2299 308 2361 milla
325 2300 453 2361 bostium
467 2303 603 2381 Agesilao
620 2304 696 2364 duce
712 2304 901 2376 cecidissent,
919 2319 1015 2380 eoque
1029 2304 1108 2364 lacto
1124 2319 1198 2380 opes
1214 2302 1265 2363 ad-

145 2385 345 2446 versariorum
362 2384 529 2448 debilitatae
545 2388 732 2448 viderentur:
749 2394 863 2447 tantum
884 2386 959 2447 aluit
974 2386 1010 2445 ab
1026 2386 1186 2448 insolentia
1201 2384 1265 2462 glo·

180 2604 206 2657 4.
226 2601 531 2668 HaomentewieXVI,
544 2607 567 2669 1,
578 2608 603 2655 4.
730 2610 762 2654 ut
779 2632 813 2642 —
831 2603 954 2654 baberet.
973 2632 1008 2643 -
1028 2611 1128 2656 sancta
1156 2598 1266 2656 ‘unver-

179 2688 303 2752 troa’eelt,
321 2689 441 2742 beachte
459 2689 511 2741 den
530 2688 678 2759 doppelten
730 2665 859 2725 lelffich’·

144 2759 208 2812 Ace.
218 2758 264 2811 bei
272 2758 374 2811 diesem
383 2759 513 2813 Verbum.
764 2742 790 2792 8·
809 2756 922 2792 'mmm
940 2736 994 2792 ‘ffif
1014 2741 1058 2792 ⁰d·
1070 2743 1109 2794 ³¹⁸
1121 2736 1180 2807 *⁵2
1194 2759 1215 2794 ⁸·
1228 2759 1262 2794 ²¹¹

214 2852 258 2912 att,
272 2847 346 2913 qnod
360 2846 472 2897 itercet.
483 2840 557 2897 ‘dass
576 2862 606 2896 er
624 2845 677 2896 den
730 2810 796 2894 XV,
814 2812 875 2876 7'1
894 2827 1009 2862 numm
1030 2812 1134 2866 mmm·
1156 2813 1266 2895 Andm.

144 2914 473 2982 wemenxmww
491 2913 606 2968 in30T
645 2931 677 2966 en
728 2898 760 2933 rn
783 2897 897 2933 numero
916 2880 1153 2948 aliquneroeoder
1169 2883 1266 2934 natm

145 2979 339 3054 zurueuagte’.
366 2932 677 3052 nutante-illes.
728 2948 1002 3017 V¹¹¹r⁴¹⁹²³X¹Vr¹2
1015 2953 1039 3003 ¹·
1054 2952 1215 3019 *sibim
1230 2968 1265 3003 ²¹¹

144 3061 308 3107 -oertente
325 3053 497 3122 intransitiv,
515 3055 570 3106 wie
590 3055 677 3107 ditem
728 3020 824 3072 haberi
838 3036 864 3071 ¹¹·
884 3018 985 3087 assim
1004 3036 1026 3072 ⁸⁴
1049 3023 1149 3088 ²⁰:3³2
1167 3022 1264 3087 quim

143 3132 265 3186 mttere,
292 3120 430 3175 ‘wibrend
460 3124 508 3176 des
536 3119 676 3179 Umlants’.
729 3091 1078 3210 ἀοξένθῗὶξῖἶῦᾖῖοῗΐῶ.
1099 3159 1180 3210 ww
1201 3162 1253 3214 45
1284 3189 1288 3195 ¹

143 3191 675 3260 DassN.lrlereinlobr‚ll,5,2nnr
796 3177 849 3242 pp.
912 3235 938 3279 ι,
1056 3194 1087 3280 h!
1125 3199 1191 3280 “fi
1218 3198 1226 3226 ’
1257 3198 1264 3212 ⁸

145 3261 677 3331 seobslllonateangiebtdrornmtdaber,
763 3245 1046 3350 ᾞωκηέηοωθ
1074 3246 1116 3280 Ἠ
1133 3245 1173 3279 ⁵¹⁰
1201 3244 1266 3281 'er'

144 3335 209 3386 dass
224 3349 255 3384 er
271 3348 304 3383 an
315 3331 413 3384 beiden
424 3331 528 3384 Stellen
538 3332 681 3385 verschie·
730 3316 789 3367 ἕω
803 3315 879 3380 ““.”“
890 3327 922 3335 “
935 3337 949 3379 ’.

145 3404 232 3457 denen
243 3401 360 3464 Queflen
370 3401 450 3471 ΜΨ.
762 3386 859 3438 poenes
869 3370 948 3434 office
957 3383 980 3420 r.
992 3369 1060 3431 2113,
1072 3369 1098 3421 3.

96 3530 100 3534 .
178 3493 204 3544 p,
222 3506 290 3557 qm„
299 3505 321 3539 3,
332 3504 366 3540 zu
377 3487 437 3554 xv,
447 3489 473 3556 3,
484 3489 499 3539 1
509 3488 616 3555 qui-hm.
763 3440 919 3491 minuerent
928 3430 1096 3490 ‘verletzen’.

178 3579 204 3630 6.
232 3576 326 3628 Hacine
342 3575 476 3627 victoriae
494 3568 616 3638 ‘bei-’3
633 3575 676 3626 νεὶ
763 3575 800 3639 ὅ,
822 3577 844 3626 l.
862 3575 993 3627 collatum
1009 3581 1049 3625 ert
1067 3569 1128 3641 ‘zog
1144 3573 1201 3624 sich
1219 3589 1266 3624 zu-

145 3646 222 3698 dient
240 3647 280 3697 oft
299 3645 546 3716 zanerrtdrlruog
564 3643 679 3696 desSu-
728 3641 865 3698 sammen’.
901 3645 958 3696 Der
976 3643 1063 3711 Xrieg
1089 3643 1203 3694 danerte
1221 3641 1264 3693 bis

144 3715 292 3786 perlativsa
301 3710 506 3768 ‘anteobieden’.
516 3746 542 3756 -
552 3715 594 3767 Zn
604 3715 678 3781 quod
727 3716 788 3769 387.

144 3786 244 3855 gebbrt
255 3791 348 3838 tomen
358 3785 499 3841 antetulit.
761 3785 787 3836 2.
803 3783 938 3852 Agesilao
953 3783 1022 3834 dnae
1037 3780 1199 3833 recidissent
1209 3779 1235 3830 d.
1245 3780 1265 3832 i.

177 3855 301 3924 plerique
312 3856 364 3907 wie
374 3856 449 3919 XIll,
460 3860 485 3918 l,
497 3856 523 3906 2.
727 3856 783 3922 Ag.
806 3854 875 3905 dare
895 3870 913 3903 a
931 3849 1159 3906 Lacedaemoniis
1177 3850 1265 3902 inter-

178 3924 222 3976 lu's
232 3926 302 3977 kann
313 3925 419 3977 sowohl
428 3926 491 3980 Dat.
504 3920 624 3990 (ibnen’)
635 3921 675 3975 als
720 3920 795 3992 secti
809 3927 906 3974 essent.
922 3949 954 3958 —
971 3921 1102 3990 Agear'lao
1113 3921 1199 3986 dnae,
1219 3920 1263 3972 ein

143 3989 480 4062 Abl.(‘mitibnen’)eein.
727 3992 846 4045 Irrtbum
868 3990 918 4042 des
937 3990 1052 4060 Nepon3
1072 3991 1117 4042 dio
1132 3989 1265 4042 Scblacht

180 4065 311 4117 adenona
330 4065 383 4116 wie
401 4064 482 4130 XVI,
503 4065 532 4125 ί,
547 4061 618 4128 tque·
627 4062 677 4113 σά·
729 4063 825 4115 wurde
835 4061 1040 4129 ibmgemeldet‚
1051 4060 1093 4113 als
1103 4079 1134 4113 er
1144 4062 1192 4113 anf
1203 4060 1262 4111 dem

144 4151 238 4186 versas
246 4135 372 4187 resistere
382 4137 525 4187 audeant.
729 4131 887 4200 Riiclrwege
903 4147 951 4182 eus
961 4131 1045 4184 Anien
1055 4131 1083 4182 in
1092 4129 1263 4200 Amphipolis

180 4206 311 4257 antetulit
327 4205 387 4255 irae
401 4204 568 4273 religionem
577 4195 678 4253 ‘stellte
730 4219 797 4254 war.
812 4219 892 4252 -eo
905 4206 986 4268 sacto
1001 4202 1054 4253 wie
1071 4200 1120 4265 x1,
1136 4203 1199 4266 1,4.

144 4266 677 4327 ‹lieGottesinrcbtdberseinenZorn'.
765 4274 799 4324 ab
823 4272 974 4324 insolentia
995 4271 1105 4341 gloriae
1128 4268 1154 4320 d.
1174 4267 1194 4316 i·
1210 4281 1264 4318 von

178 4345 230 4396 lene
249 4344 339 4396 erhilt
356 4343 433 4396 scine
453 4341 608 4410 Erkldrung
629 4359 679 4410 ep·
729 4341 789 4394 dem
816 4342 1018 4407 Uebermntbe‚
1051 4339 1102 4392 der
1128 4336 1176 4389 ruit
1204 4334 1265 4388 dem

144 4414 303 4483 exegetisob
330 4413 415 4466 durcb
445 4415 498 4467 dan
517 4410 676 4466 Nebensata
728 4412 1002 4466 Rubmeverbunden
1013 4426 1046 4461 zu
1057 4408 1115 4461 sein
1126 4405 1224 4476 pflegt.
