<?xml version="1.0" encoding="UTF-8"?>
<!DOCTYPE html PUBLIC "-//W3C//DTD XHTML 1.0 Transitional//EN"
    "http://www.w3.org/TR/xhtml1/DTD/xhtml1-transitional.dtd">
<html xmlns="http://www.w3.org/1999/xhtml" xml:lang="en" lang="en">
 <head>
  <title>
</title>
<meta http-equiv="Content-Type" content="text/html;charset=utf-8" />
  <meta name='ocr-system' content='tesseract 3.04.00' />
  <meta name='ocr-capabilities' content='ocr_page ocr_carea ocr_par ocr_line ocrx_word'/>
</head>
<body>
  <div class='ocr_page' id='page_1' title='image "./corneliusneposf00nepogoog_0079.png"; bbox 0 0 2744 5056; ppageno 0'>
   <div class='ocr_carea' id='block_1_1' title="bbox 399 640 909 701">
    <p class='ocr_par' dir='ltr' id='par_1_1' title="bbox 399 640 909 701">
     <span class='ocr_line' id='line_1_1' title="bbox 399 640 909 701; baseline 0 -4"><span class='ocrx_word' id='word_1_1' title='bbox 399 641 474 697; x_wconf 82' lang='lat' dir='ltr'><strong>VIlI.</strong></span> <span class='ocrx_word' id='word_1_2' title='bbox 485 640 747 698; x_wconf 79' lang='lat' dir='ltr'><strong>THRASYBULUS</strong></span> <span class='ocrx_word' id='word_1_3' title='bbox 764 641 842 700; x_wconf 82' lang='lat' dir='ltr'>CAP.</span> <span class='ocrx_word' id='word_1_4' title='bbox 851 649 875 701; x_wconf 83' lang='grc'><strong>3.</strong></span> <span class='ocrx_word' id='word_1_5' title='bbox 886 649 909 697; x_wconf 87' lang='grc'><strong>4.</strong></span> 
     </span>
    </p>
   </div>
   <div class='ocr_carea' id='block_1_2' title="bbox 1092 608 1211 693">
    <p class='ocr_par' dir='ltr' id='par_1_2' title="bbox 1092 608 1211 693">
     <span class='ocr_line' id='line_1_2' title="bbox 1092 608 1211 693; baseline -0.008 0"><span class='ocrx_word' id='word_1_6' title='bbox 1092 608 1211 693; x_wconf 74' lang='grc' dir='ltr'><strong>ἰι</strong></span> 
     </span>
    </p>
   </div>
   <div class='ocr_carea' id='block_1_3' title="bbox 98 815 1211 1151">
    <p class='ocr_par' dir='ltr' id='par_1_3' title="bbox 98 815 1211 1151">
     <span class='ocr_line' id='line_1_3' title="bbox 100 815 1211 894; baseline 0.002 -18"><span class='ocrx_word' id='word_1_7' title='bbox 100 834 186 894; x_wconf 81' lang='lat' dir='ltr'><strong>qnam</strong></span> <span class='ocrx_word' id='word_1_8' title='bbox 201 817 387 878; x_wconf 85' lang='lat' dir='ltr'><strong>fortitudine.</strong></span> <span class='ocrx_word' id='word_1_9' title='bbox 418 815 490 876; x_wconf 89' lang='lat' dir='ltr'><strong>Nam</strong></span> <span class='ocrx_word' id='word_1_10' title='bbox 507 816 647 878; x_wconf 75' lang='lat' dir='ltr'><strong>cedentes</strong></span> <span class='ocrx_word' id='word_1_11' title='bbox 664 817 767 878; x_wconf 85' lang='lat' dir='ltr'><strong>violari</strong></span> <span class='ocrx_word' id='word_1_12' title='bbox 781 819 887 878; x_wconf 85' lang='lat' dir='ltr'><strong>vetuit:</strong></span> <span class='ocrx_word' id='word_1_13' title='bbox 911 818 989 878; x_wconf 85' lang='lat' dir='ltr'><strong>cives</strong></span> <span class='ocrx_word' id='word_1_14' title='bbox 1005 818 1084 878; x_wconf 90' lang='lat' dir='ltr'><strong>enim</strong></span> <span class='ocrx_word' id='word_1_15' title='bbox 1100 816 1211 878; x_wconf 86' lang='lat' dir='ltr'><strong>civibus</strong></span> 
     </span>
     <span class='ocr_line' id='line_1_4' title="bbox 98 899 1211 980; baseline -0.001 -18"><span class='ocrx_word' id='word_1_16' title='bbox 98 919 222 980; x_wconf 82' lang='lat' dir='ltr'><strong>parcere</strong></span> <span class='ocrx_word' id='word_1_17' title='bbox 244 918 371 979; x_wconf 64' lang='lat' dir='ltr'><strong>aequum</strong></span> <span class='ocrx_word' id='word_1_18' title='bbox 393 899 542 964; x_wconf 88' lang='lat' dir='ltr'><strong>censebat.</strong></span> <span class='ocrx_word' id='word_1_19' title='bbox 587 899 690 978; x_wconf 87' lang='lat' dir='ltr'><strong>Neque</strong></span> <span class='ocrx_word' id='word_1_20' title='bbox 711 903 868 979; x_wconf 90' lang='lat' dir='ltr'><strong>quisquam</strong></span> <span class='ocrx_word' id='word_1_21' title='bbox 884 908 927 963; x_wconf 91' lang='lat' dir='ltr'><strong>est</strong></span> <span class='ocrx_word' id='word_1_22' title='bbox 943 900 1127 971; x_wconf 87' lang='lat' dir='ltr'><strong>vulneratus,</strong></span> <span class='ocrx_word' id='word_1_23' title='bbox 1154 903 1211 962; x_wconf 91' lang='lat' dir='ltr'><strong>nisi</strong></span> 
     </span>
     <span class='ocr_line' id='line_1_5' title="bbox 98 984 1211 1064; baseline -0.002 -18"><span class='ocrx_word' id='word_1_24' title='bbox 98 988 149 1063; x_wconf 87' lang='lat' dir='ltr'><strong>qui</strong></span> <span class='ocrx_word' id='word_1_25' title='bbox 164 987 248 1064; x_wconf 89' lang='lat' dir='ltr'><strong>prior</strong></span> <span class='ocrx_word' id='word_1_26' title='bbox 264 988 441 1064; x_wconf 71' lang='lat' dir='ltr'><strong>impugnare</strong></span> <span class='ocrx_word' id='word_1_27' title='bbox 456 985 557 1046; x_wconf 86' lang='lat' dir='ltr'><strong>voluit.</strong></span> <span class='ocrx_word' id='word_1_28' title='bbox 580 984 736 1047; x_wconf 79' lang='lat' dir='ltr'><strong>Neminem</strong></span> <span class='ocrx_word' id='word_1_29' title='bbox 751 988 898 1047; x_wconf 88' lang='lat' dir='ltr'><strong>iacentem</strong></span> <span class='ocrx_word' id='word_1_30' title='bbox 915 995 994 1046; x_wconf 86' lang='lat' dir='ltr'><strong>veste</strong></span> <span class='ocrx_word' id='word_1_31' title='bbox 1009 985 1152 1064; x_wconf 84' lang='lat' dir='ltr'><strong>spoliavit,</strong></span> <span class='ocrx_word' id='word_1_32' title='bbox 1168 986 1211 1046; x_wconf 88' lang='lat' dir='ltr'><strong>nil</strong></span> 
     </span>
     <span class='ocr_line' id='line_1_6' title="bbox 98 1069 1210 1151; baseline 0.001 -21"><span class='ocrx_word' id='word_1_33' title='bbox 98 1071 194 1146; x_wconf 84' lang='lat' dir='ltr'><strong>alligit</strong></span> <span class='ocrx_word' id='word_1_34' title='bbox 216 1070 272 1130; x_wconf 88' lang='lat' dir='ltr'><strong>nisi</strong></span> <span class='ocrx_word' id='word_1_35' title='bbox 292 1088 389 1138; x_wconf 85' lang='lat' dir='ltr'><strong>arma,</strong></span> <span class='ocrx_word' id='word_1_36' title='bbox 417 1087 544 1148; x_wconf 92' lang='lat' dir='ltr'><strong>quorum</strong></span> <span class='ocrx_word' id='word_1_37' title='bbox 559 1069 729 1148; x_wconf 80' lang='lat' dir='ltr'><strong>indigebat,</strong></span> <span class='ocrx_word' id='word_1_38' title='bbox 756 1088 891 1151; x_wconf 90' lang='lat' dir='ltr'><strong>quaeque</strong></span> <span class='ocrx_word' id='word_1_39' title='bbox 907 1071 943 1131; x_wconf 90' lang='lat' dir='ltr'><strong>ad</strong></span> <span class='ocrx_word' id='word_1_40' title='bbox 959 1073 1066 1131; x_wconf 90' lang='lat' dir='ltr'><strong>victum</strong></span> <span class='ocrx_word' id='word_1_41' title='bbox 1081 1072 1210 1149; x_wconf 89' lang='lat' dir='ltr'><strong>pertine·</strong></span> 
     </span>
    </p>
   </div>
   <div class='ocr_carea' id='block_1_4' title="bbox 97 1153 666 1233">
    <p class='ocr_par' dir='ltr' id='par_1_4' title="bbox 97 1153 666 1233">
     <span class='ocr_line' id='line_1_7' title="bbox 97 1153 666 1233; baseline 0.002 -19"><span class='ocrx_word' id='word_1_42' title='bbox 97 1155 180 1218; x_wconf 74' lang='lat' dir='ltr'><strong>bant,</strong></span> <span class='ocrx_word' id='word_1_43' title='bbox 224 1153 257 1214; x_wconf 94' lang='lat' dir='ltr'><strong>ln</strong></span> <span class='ocrx_word' id='word_1_44' title='bbox 277 1154 407 1216; x_wconf 89' lang='lat' dir='ltr'><strong>secundo</strong></span> <span class='ocrx_word' id='word_1_45' title='bbox 428 1153 543 1233; x_wconf 90' lang='lat' dir='ltr'><strong>proelio</strong></span> <span class='ocrx_word' id='word_1_46' title='bbox 559 1155 666 1215; x_wconf 89' lang='lat' dir='ltr'><strong>cecidit</strong></span> 
     </span>
    </p>
   </div>
   <div class='ocr_carea' id='block_1_5' title="bbox 681 1155 1243 1235">
    <p class='ocr_par' dir='ltr' id='par_1_5' title="bbox 681 1155 1243 1235">
     <span class='ocr_line' id='line_1_8' title="bbox 681 1155 1243 1235; baseline -0.004 -19"><span class='ocrx_word' id='word_1_47' title='bbox 681 1155 801 1225; x_wconf 76' lang='lat' dir='ltr'><strong>Critiae,</strong></span> <span class='ocrx_word' id='word_1_48' title='bbox 830 1156 889 1216; x_wconf 84' lang='lat' dir='ltr'><strong>dux</strong></span> <span class='ocrx_word' id='word_1_49' title='bbox 904 1164 1114 1235; x_wconf 84' lang='lat' dir='ltr'><strong>tyrannorum,</strong></span> <span class='ocrx_word' id='word_1_50' title='bbox 1141 1166 1243 1216; x_wconf 76' lang='lat' dir='ltr'><strong>cumr</strong></span> 
     </span>
    </p>
   </div>
   <div class='ocr_carea' id='block_1_6' title="bbox 95 1238 1261 1993">
    <p class='ocr_par' dir='ltr' id='par_1_6' title="bbox 98 1238 993 1318">
     <span class='ocr_line' id='line_1_9' title="bbox 98 1238 993 1318; baseline 0.002 -19"><span class='ocrx_word' id='word_1_51' title='bbox 98 1239 219 1315; x_wconf 89' lang='lat' dir='ltr'><strong>quidem</strong></span> <span class='ocrx_word' id='word_1_52' title='bbox 236 1239 412 1300; x_wconf 74' lang='lat' dir='ltr'><strong>exadversus</strong></span> <span class='ocrx_word' id='word_1_53' title='bbox 427 1238 647 1318; x_wconf 79' lang='lat' dir='ltr'><strong>Thrasybulum</strong></span> <span class='ocrx_word' id='word_1_54' title='bbox 662 1239 823 1301; x_wconf 84' lang='lat' dir='ltr'><strong>fortissime</strong></span> <span class='ocrx_word' id='word_1_55' title='bbox 839 1248 993 1318; x_wconf 85' lang='lat' dir='ltr'><strong>pugnaret.</strong></span> 
     </span>
    </p>

    <p class='ocr_par' dir='ltr' id='par_1_7' title="bbox 95 1321 1261 1993">
     <span class='ocr_line' id='line_1_10' title="bbox 96 1321 1211 1398; baseline 0.004 -16"><span class='ocrx_word' id='word_1_56' title='bbox 96 1353 98 1359; x_wconf 95' lang='lat'>·</span> <span class='ocrx_word' id='word_1_57' title='bbox 183 1321 211 1382; x_wconf 90' lang='lat'><strong>3.</strong></span> <span class='ocrx_word' id='word_1_58' title='bbox 227 1323 290 1384; x_wconf 92' lang='lat' dir='ltr'><strong>Hoc</strong></span> <span class='ocrx_word' id='word_1_59' title='bbox 305 1323 419 1386; x_wconf 88' lang='lat' dir='ltr'><strong>deiecto</strong></span> <span class='ocrx_word' id='word_1_60' title='bbox 435 1323 595 1385; x_wconf 88' lang='lat' dir='ltr'><strong>Pausanias</strong></span> <span class='ocrx_word' id='word_1_61' title='bbox 610 1327 690 1384; x_wconf 84' lang='lat' dir='ltr'><strong>venit</strong></span> <span class='ocrx_word' id='word_1_62' title='bbox 700 1326 802 1386; x_wconf 79' lang='lat' dir='ltr'><strong>Atticis</strong></span> <span class='ocrx_word' id='word_1_63' title='bbox 813 1323 931 1398; x_wconf 84' lang='lat' dir='ltr'><strong>auxilio,</strong></span> <span class='ocrx_word' id='word_1_64' title='bbox 947 1342 1000 1385; x_wconf 85' lang='lat' dir='ltr'><strong>rex</strong></span> <span class='ocrx_word' id='word_1_65' title='bbox 1013 1323 1211 1386; x_wconf 89' lang='lat' dir='ltr'><strong>Lacedaemo-</strong></span> 
     </span>
     <span class='ocr_line' id='line_1_11' title="bbox 99 1407 1212 1489; baseline 0.003 -23"><span class='ocrx_word' id='word_1_66' title='bbox 99 1408 227 1468; x_wconf 89' lang='lat' dir='ltr'><strong>niorum.</strong></span> <span class='ocrx_word' id='word_1_67' title='bbox 272 1407 299 1470; x_wconf 88' lang='lat' dir='ltr'><strong>ls</strong></span> <span class='ocrx_word' id='word_1_68' title='bbox 314 1411 394 1483; x_wconf 80' lang='lat' dir='ltr'><strong>iuter</strong></span> <span class='ocrx_word' id='word_1_69' title='bbox 408 1407 626 1487; x_wconf 81' lang='lat' dir='ltr'><strong>Thrasybulum</strong></span> <span class='ocrx_word' id='word_1_70' title='bbox 643 1418 673 1470; x_wconf 91' lang='lat' dir='ltr'><strong>et</strong></span> <span class='ocrx_word' id='word_1_71' title='bbox 688 1427 755 1480; x_wconf 78' lang='lat' dir='ltr'><strong>eos,</strong></span> <span class='ocrx_word' id='word_1_72' title='bbox 777 1411 828 1489; x_wconf 90' lang='lat' dir='ltr'><strong>qui</strong></span> <span class='ocrx_word' id='word_1_73' title='bbox 844 1408 950 1470; x_wconf 93' lang='lat' dir='ltr'><strong>urbem</strong></span> <span class='ocrx_word' id='word_1_74' title='bbox 965 1409 1119 1479; x_wconf 90' lang='lat' dir='ltr'><strong>tenebant,</strong></span> <span class='ocrx_word' id='word_1_75' title='bbox 1142 1409 1212 1470; x_wconf 89' lang='lat' dir='ltr'><strong>lecit</strong></span> 
     </span>
     <span class='ocr_line' id='line_1_12' title="bbox 95 1492 1261 1573; baseline -0.004 -22"><span class='ocrx_word' id='word_1_76' title='bbox 95 1509 200 1569; x_wconf 91' lang='lat' dir='ltr'><strong>pacem</strong></span> <span class='ocrx_word' id='word_1_77' title='bbox 236 1492 283 1554; x_wconf 89' lang='lat' dir='ltr'><strong>his</strong></span> <span class='ocrx_word' id='word_1_78' title='bbox 318 1492 560 1554; x_wconf 78' lang='lat' dir='ltr'><strong>condicionibus:</strong></span> <span class='ocrx_word' id='word_1_79' title='bbox 598 1512 636 1554; x_wconf 93' lang='lat' dir='ltr'><strong>ne</strong></span> <span class='ocrx_word' id='word_1_80' title='bbox 672 1496 723 1572; x_wconf 90' lang='lat' dir='ltr'><strong>qui</strong></span> <span class='ocrx_word' id='word_1_81' title='bbox 751 1504 870 1573; x_wconf 85' lang='lat' dir='ltr'><strong>praeter</strong></span> <span class='ocrx_word' id='word_1_82' title='bbox 898 1493 978 1554; x_wconf 87' lang='lat' dir='ltr'><strong>XXX</strong></span> <span class='ocrx_word' id='word_1_83' title='bbox 1007 1501 1148 1573; x_wconf 81' lang='lat' dir='ltr'><strong>tyrannos</strong></span> <span class='ocrx_word' id='word_1_84' title='bbox 1181 1503 1261 1553; x_wconf 80' lang='lat' dir='ltr'><strong>etna</strong></span> 
     </span>
     <span class='ocr_line' id='line_1_13' title="bbox 96 1575 1210 1657; baseline 0.003 -22"><span class='ocrx_word' id='word_1_85' title='bbox 96 1575 137 1644; x_wconf 90' lang='lat' dir='ltr'><strong>X,</strong></span> <span class='ocrx_word' id='word_1_86' title='bbox 176 1579 227 1656; x_wconf 88' lang='lat' dir='ltr'><strong>qui</strong></span> <span class='ocrx_word' id='word_1_87' title='bbox 264 1586 365 1656; x_wconf 87' lang='lat' dir='ltr'><strong>postea</strong></span> <span class='ocrx_word' id='word_1_88' title='bbox 403 1586 556 1656; x_wconf 87' lang='lat' dir='ltr'><strong>praetores</strong></span> <span class='ocrx_word' id='word_1_89' title='bbox 594 1581 685 1640; x_wconf 90' lang='lat' dir='ltr'><strong>creati</strong></span> <span class='ocrx_word' id='word_1_90' title='bbox 720 1581 884 1657; x_wconf 89' lang='lat' dir='ltr'><strong>superioris</strong></span> <span class='ocrx_word' id='word_1_91' title='bbox 914 1596 997 1640; x_wconf 90' lang='lat' dir='ltr'><strong>more</strong></span> <span class='ocrx_word' id='word_1_92' title='bbox 1028 1579 1210 1639; x_wconf 78' lang='lat' dir='ltr'><strong>crudelitatis</strong></span> 
     </span>
     <span class='ocr_line' id='line_1_14' title="bbox 96 1662 1210 1742; baseline 0.004 -22"><span class='ocrx_word' id='word_1_93' title='bbox 96 1669 181 1721; x_wconf 88' lang='lat' dir='ltr'><strong>erant</strong></span> <span class='ocrx_word' id='word_1_94' title='bbox 196 1663 251 1732; x_wconf 87' lang='lat' dir='ltr'><strong>usi,</strong></span> <span class='ocrx_word' id='word_1_95' title='bbox 268 1662 461 1723; x_wconf 86' lang='lat' dir='ltr'><strong>allicerentur</strong></span> <span class='ocrx_word' id='word_1_96' title='bbox 475 1662 589 1735; x_wconf 83' lang='lat' dir='ltr'><strong>exsilio,</strong></span> <span class='ocrx_word' id='word_1_97' title='bbox 605 1662 1005 1742; x_wconf 84' lang='lat' dir='ltr'><strong>nevebonapublicarentur3</strong></span> <span class='ocrx_word' id='word_1_98' title='bbox 1021 1663 1210 1742; x_wconf 87' lang='lat' dir='ltr'><strong>reipublicae</strong></span> 
     </span>
     <span class='ocr_line' id='line_1_15' title="bbox 95 1745 1244 1827; baseline 0.003 -22"><span class='ocrx_word' id='word_1_99' title='bbox 95 1749 266 1823; x_wconf 83' lang='lat' dir='ltr'><strong>procuratio</strong></span> <span class='ocrx_word' id='word_1_100' title='bbox 281 1745 394 1825; x_wconf 93' lang='lat' dir='ltr'><strong>populo</strong></span> <span class='ocrx_word' id='word_1_101' title='bbox 411 1746 599 1808; x_wconf 88' lang='lat' dir='ltr'><strong>redderetur.</strong></span> <span class='ocrx_word' id='word_1_102' title='bbox 616 1746 806 1814; x_wconf 82' lang='lat' dir='ltr'><strong>Praeclarum</strong></span> <span class='ocrx_word' id='word_1_103' title='bbox 822 1747 879 1808; x_wconf 93' lang='lat' dir='ltr'><strong>hoc</strong></span> <span class='ocrx_word' id='word_1_104' title='bbox 895 1747 1208 1827; x_wconf 80' lang='lat' dir='ltr'><strong>qnoqueThrasybuli</strong></span> <span class='ocrx_word' id='word_1_105' title='bbox 1227 1759 1244 1808; x_wconf 79' lang='lat'>2</span> 
     </span>
     <span class='ocr_line' id='line_1_16' title="bbox 96 1829 1210 1911; baseline 0.004 -23"><span class='ocrx_word' id='word_1_106' title='bbox 96 1829 175 1907; x_wconf 89' lang='lat' dir='ltr'><strong>quod</strong></span> <span class='ocrx_word' id='word_1_107' title='bbox 196 1832 390 1892; x_wconf 87' lang='lat' dir='ltr'><strong>reconciliata</strong></span> <span class='ocrx_word' id='word_1_108' title='bbox 411 1849 500 1908; x_wconf 90' lang='lat' dir='ltr'><strong>pace,</strong></span> <span class='ocrx_word' id='word_1_109' title='bbox 528 1848 596 1891; x_wconf 90' lang='lat' dir='ltr'><strong>cum</strong></span> <span class='ocrx_word' id='word_1_110' title='bbox 617 1830 779 1909; x_wconf 92' lang='lat' dir='ltr'><strong>plurimum</strong></span> <span class='ocrx_word' id='word_1_111' title='bbox 794 1833 825 1891; x_wconf 92' lang='lat' dir='ltr'><strong>in</strong></span> <span class='ocrx_word' id='word_1_112' title='bbox 842 1834 957 1892; x_wconf 86' lang='lat' dir='ltr'><strong>civitate</strong></span> <span class='ocrx_word' id='word_1_113' title='bbox 973 1842 1087 1911; x_wconf 85' lang='lat' dir='ltr'><strong>posset,</strong></span> <span class='ocrx_word' id='word_1_114' title='bbox 1114 1832 1210 1910; x_wconf 81' lang='lat' dir='ltr'><strong>legem</strong></span> 
     </span>
     <span class='ocr_line' id='line_1_17' title="bbox 95 1912 1209 1993; baseline 0.003 -20"><span class='ocrx_word' id='word_1_115' title='bbox 95 1912 175 1983; x_wconf 86' lang='lat' dir='ltr'><strong>tulit,</strong></span> <span class='ocrx_word' id='word_1_116' title='bbox 202 1933 240 1977; x_wconf 90' lang='lat' dir='ltr'><strong>ne</strong></span> <span class='ocrx_word' id='word_1_117' title='bbox 264 1917 330 1993; x_wconf 89' lang='lat' dir='ltr'><strong>quis</strong></span> <span class='ocrx_word' id='word_1_118' title='bbox 351 1923 419 1975; x_wconf 89' lang='lat' dir='ltr'><strong>ante</strong></span> <span class='ocrx_word' id='word_1_119' title='bbox 440 1923 571 1975; x_wconf 89' lang='lat' dir='ltr'><strong>actarum</strong></span> <span class='ocrx_word' id='word_1_120' title='bbox 593 1933 696 1977; x_wconf 89' lang='lat' dir='ltr'><strong>rerum</strong></span> <span class='ocrx_word' id='word_1_121' title='bbox 718 1925 909 1977; x_wconf 88' lang='lat' dir='ltr'><strong>accusaretur</strong></span> <span class='ocrx_word' id='word_1_122' title='bbox 930 1916 1209 1993; x_wconf 78' lang='lat' dir='ltr'><strong>nevemultaretur3</strong></span> 
     </span>
    </p>
   </div>
   <div class='ocr_carea' id='block_1_7' title="bbox 96 1999 666 2079">
    <p class='ocr_par' dir='ltr' id='par_1_8' title="bbox 96 1999 666 2079">
     <span class='ocr_line' id='line_1_18' title="bbox 96 1999 666 2079; baseline 0.009 -21"><span class='ocrx_word' id='word_1_123' title='bbox 96 2014 221 2075; x_wconf 90' lang='lat' dir='ltr'><strong>eamque</strong></span> <span class='ocrx_word' id='word_1_124' title='bbox 235 1999 280 2060; x_wconf 92' lang='lat' dir='ltr'><strong>illi</strong></span> <span class='ocrx_word' id='word_1_125' title='bbox 295 1999 453 2061; x_wconf 89' lang='lat' dir='ltr'><strong>oblivionis</strong></span> <span class='ocrx_word' id='word_1_126' title='bbox 469 1999 666 2079; x_wconf 90' lang='lat' dir='ltr'><strong>appellarunt.</strong></span> 
     </span>
    </p>
   </div>
   <div class='ocr_carea' id='block_1_8' title="bbox 684 1999 1243 2078">
    <p class='ocr_par' dir='ltr' id='par_1_9' title="bbox 684 1999 1243 2078">
     <span class='ocr_line' id='line_1_19' title="bbox 684 1999 1243 2078; baseline 0.005 -18"><span class='ocrx_word' id='word_1_127' title='bbox 684 1999 787 2078; x_wconf 90' lang='lat' dir='ltr'><strong>Neque</strong></span> <span class='ocrx_word' id='word_1_128' title='bbox 803 2019 872 2062; x_wconf 89' lang='lat' dir='ltr'><strong>vero</strong></span> <span class='ocrx_word' id='word_1_129' title='bbox 889 2000 966 2060; x_wconf 90' lang='lat' dir='ltr'><strong>hanc</strong></span> <span class='ocrx_word' id='word_1_130' title='bbox 982 2010 1095 2061; x_wconf 87' lang='lat' dir='ltr'><strong>tantum</strong></span> <span class='ocrx_word' id='word_1_131' title='bbox 1110 2001 1208 2062; x_wconf 86' lang='lat' dir='ltr'><strong>leren—</strong></span> <span class='ocrx_word' id='word_1_132' title='bbox 1227 2009 1243 2063; x_wconf 87' lang='grc'><strong>3</strong></span> 
     </span>
    </p>
   </div>
   <div class='ocr_carea' id='block_1_9' title="bbox 95 2080 1211 2333">
    <p class='ocr_par' dir='ltr' id='par_1_10' title="bbox 95 2080 1211 2333">
     <span class='ocr_line' id='line_1_20' title="bbox 96 2080 1211 2164; baseline 0.003 -22"><span class='ocrx_word' id='word_1_133' title='bbox 96 2080 164 2143; x_wconf 94' lang='lat' dir='ltr'><strong>dam</strong></span> <span class='ocrx_word' id='word_1_134' title='bbox 180 2085 309 2164; x_wconf 85' lang='lat' dir='ltr'><strong>curavit,</strong></span> <span class='ocrx_word' id='word_1_135' title='bbox 325 2084 377 2144; x_wconf 90' lang='lat' dir='ltr'><strong>sed</strong></span> <span class='ocrx_word' id='word_1_136' title='bbox 393 2085 497 2152; x_wconf 90' lang='lat' dir='ltr'><strong>etiam,</strong></span> <span class='ocrx_word' id='word_1_137' title='bbox 519 2091 551 2144; x_wconf 88' lang='lat' dir='ltr'><strong>ut</strong></span> <span class='ocrx_word' id='word_1_138' title='bbox 565 2086 690 2156; x_wconf 79' lang='lat' dir='ltr'><strong>valeret,</strong></span> <span class='ocrx_word' id='word_1_139' title='bbox 712 2085 818 2146; x_wconf 89' lang='lat' dir='ltr'><strong>ellecit.</strong></span> <span class='ocrx_word' id='word_1_140' title='bbox 864 2084 937 2146; x_wconf 91' lang='lat' dir='ltr'><strong>Nam</strong></span> <span class='ocrx_word' id='word_1_141' title='bbox 954 2102 1022 2145; x_wconf 91' lang='lat' dir='ltr'><strong>cum</strong></span> <span class='ocrx_word' id='word_1_142' title='bbox 1038 2085 1158 2162; x_wconf 91' lang='lat' dir='ltr'><strong>quidam</strong></span> <span class='ocrx_word' id='word_1_143' title='bbox 1176 2106 1211 2146; x_wconf 84' lang='lat' dir='ltr'><strong>ex</strong></span> 
     </span>
     <span class='ocr_line' id='line_1_21' title="bbox 95 2166 1211 2247; baseline 0.004 -22"><span class='ocrx_word' id='word_1_144' title='bbox 95 2166 143 2234; x_wconf 89' lang='lat' dir='ltr'><strong>iis,</strong></span> <span class='ocrx_word' id='word_1_145' title='bbox 161 2170 213 2247; x_wconf 84' lang='lat' dir='ltr'><strong>qui</strong></span> <span class='ocrx_word' id='word_1_146' title='bbox 228 2168 316 2229; x_wconf 91' lang='lat' dir='ltr'><strong>simul</strong></span> <span class='ocrx_word' id='word_1_147' title='bbox 331 2186 399 2228; x_wconf 90' lang='lat' dir='ltr'><strong>cum</strong></span> <span class='ocrx_word' id='word_1_148' title='bbox 416 2187 451 2229; x_wconf 88' lang='lat' dir='ltr'><strong>co</strong></span> <span class='ocrx_word' id='word_1_149' title='bbox 467 2170 498 2228; x_wconf 91' lang='lat' dir='ltr'><strong>in</strong></span> <span class='ocrx_word' id='word_1_150' title='bbox 514 2168 618 2229; x_wconf 83' lang='lat' dir='ltr'><strong>exsilio</strong></span> <span class='ocrx_word' id='word_1_151' title='bbox 635 2169 762 2240; x_wconf 84' lang='lat' dir='ltr'><strong>fuerant,</strong></span> <span class='ocrx_word' id='word_1_152' title='bbox 778 2170 900 2231; x_wconf 89' lang='lat' dir='ltr'><strong>caedem</strong></span> <span class='ocrx_word' id='word_1_153' title='bbox 918 2169 1017 2230; x_wconf 86' lang='lat' dir='ltr'><strong>lacere</strong></span> <span class='ocrx_word' id='word_1_154' title='bbox 1034 2188 1136 2230; x_wconf 90' lang='lat' dir='ltr'><strong>eorum</strong></span> <span class='ocrx_word' id='word_1_155' title='bbox 1152 2170 1211 2230; x_wconf 90' lang='lat' dir='ltr'><strong>vel·</strong></span> 
     </span>
     <span class='ocr_line' id='line_1_22' title="bbox 96 2249 1209 2333; baseline 0.004 -23"><span class='ocrx_word' id='word_1_156' title='bbox 96 2249 166 2320; x_wconf 88' lang='lat' dir='ltr'><strong>lent,</strong></span> <span class='ocrx_word' id='word_1_157' title='bbox 184 2271 251 2313; x_wconf 91' lang='lat' dir='ltr'><strong>cum</strong></span> <span class='ocrx_word' id='word_1_158' title='bbox 268 2252 377 2332; x_wconf 89' lang='lat' dir='ltr'><strong>quibus</strong></span> <span class='ocrx_word' id='word_1_159' title='bbox 391 2255 423 2312; x_wconf 90' lang='lat' dir='ltr'><strong>in</strong></span> <span class='ocrx_word' id='word_1_160' title='bbox 438 2255 565 2332; x_wconf 81' lang='lat' dir='ltr'><strong>graham</strong></span> <span class='ocrx_word' id='word_1_161' title='bbox 580 2255 711 2315; x_wconf 91' lang='lat' dir='ltr'><strong>reditum</strong></span> <span class='ocrx_word' id='word_1_162' title='bbox 727 2264 791 2316; x_wconf 90' lang='lat' dir='ltr'><strong>erat</strong></span> <span class='ocrx_word' id='word_1_163' title='bbox 806 2253 936 2333; x_wconf 80' lang='lat' dir='ltr'><strong>publice,</strong></span> <span class='ocrx_word' id='word_1_164' title='bbox 954 2253 1109 2333; x_wconf 86' lang='lat' dir='ltr'><strong>prohibuit</strong></span> <span class='ocrx_word' id='word_1_165' title='bbox 1130 2263 1159 2315; x_wconf 88' lang='lat' dir='ltr'><strong>et</strong></span> <span class='ocrx_word' id='word_1_166' title='bbox 1170 2255 1209 2331; x_wconf 90' lang='lat' dir='ltr'><strong>id,</strong></span> 
     </span>
    </p>
   </div>
   <div class='ocr_carea' id='block_1_10' title="bbox 95 2335 601 2415">
    <p class='ocr_par' dir='ltr' id='par_1_11' title="bbox 95 2335 601 2415">
     <span class='ocr_line' id='line_1_23' title="bbox 95 2335 601 2415; baseline 0.01 -20"><span class='ocrx_word' id='word_1_167' title='bbox 95 2335 175 2413; x_wconf 86' lang='lat' dir='ltr'><strong>quod</strong></span> <span class='ocrx_word' id='word_1_168' title='bbox 189 2337 340 2415; x_wconf 89' lang='lat' dir='ltr'><strong>pollicitus</strong></span> <span class='ocrx_word' id='word_1_169' title='bbox 359 2345 429 2408; x_wconf 89' lang='lat' dir='ltr'><strong>erat,</strong></span> <span class='ocrx_word' id='word_1_170' title='bbox 446 2339 601 2415; x_wconf 88' lang='lat' dir='ltr'><strong>praestitit.</strong></span> 
     </span>
    </p>
   </div>
   <div class='ocr_carea' id='block_1_11' title="bbox 95 2414 1210 2585">
    <p class='ocr_par' dir='ltr' id='par_1_12' title="bbox 95 2414 1210 2585">
     <span class='ocr_line' id='line_1_24' title="bbox 180 2414 1209 2502; baseline 0.004 -22"><span class='ocrx_word' id='word_1_171' title='bbox 180 2421 208 2485; x_wconf 88' lang='grc'><strong>4.</strong></span> <span class='ocrx_word' id='word_1_172' title='bbox 240 2421 316 2483; x_wconf 90' lang='lat' dir='ltr'><strong>Huic</strong></span> <span class='ocrx_word' id='word_1_173' title='bbox 337 2439 393 2500; x_wconf 92' lang='lat' dir='ltr'><strong>pro</strong></span> <span class='ocrx_word' id='word_1_174' title='bbox 411 2423 502 2482; x_wconf 86' lang='lat' dir='ltr'><strong>tantis</strong></span> <span class='ocrx_word' id='word_1_175' title='bbox 517 2423 631 2483; x_wconf 88' lang='lat' dir='ltr'><strong>meritis</strong></span> <span class='ocrx_word' id='word_1_176' title='bbox 647 2422 771 2484; x_wconf 89' lang='lat' dir='ltr'><strong>honoris</strong></span> <span class='ocrx_word' id='word_1_177' title='bbox 787 2440 899 2484; x_wconf 89' lang='lat' dir='ltr'><strong>corona</strong></span> <span class='ocrx_word' id='word_1_178' title='bbox 915 2414 1057 2502; x_wconf 81' lang='lat' dir='ltr'><strong>a&#39;populo</strong></span> <span class='ocrx_word' id='word_1_179' title='bbox 1074 2422 1139 2483; x_wconf 93' lang='lat' dir='ltr'><strong>data</strong></span> <span class='ocrx_word' id='word_1_180' title='bbox 1156 2431 1209 2490; x_wconf 85' lang='lat' dir='ltr'><strong>est,</strong></span> 
     </span>
     <span class='ocr_line' id='line_1_25' title="bbox 95 2504 1210 2585; baseline 0.004 -21"><span class='ocrx_word' id='word_1_181' title='bbox 95 2504 171 2567; x_wconf 88' lang='lat' dir='ltr'><strong>lacta</strong></span> <span class='ocrx_word' id='word_1_182' title='bbox 186 2505 302 2568; x_wconf 90' lang='lat' dir='ltr'><strong>duabus</strong></span> <span class='ocrx_word' id='word_1_183' title='bbox 319 2505 440 2584; x_wconf 83' lang='lat' dir='ltr'><strong>virgulis</strong></span> <span class='ocrx_word' id='word_1_184' title='bbox 456 2505 613 2584; x_wconf 81' lang='lat' dir='ltr'><strong>oleaginis;</strong></span> <span class='ocrx_word' id='word_1_185' title='bbox 631 2524 721 2585; x_wconf 89' lang='lat' dir='ltr'><strong>quam</strong></span> <span class='ocrx_word' id='word_1_186' title='bbox 737 2507 816 2584; x_wconf 93' lang='lat' dir='ltr'><strong>quod</strong></span> <span class='ocrx_word' id='word_1_187' title='bbox 833 2525 916 2568; x_wconf 92' lang='lat' dir='ltr'><strong>amor</strong></span> <span class='ocrx_word' id='word_1_188' title='bbox 932 2509 1039 2569; x_wconf 89' lang='lat' dir='ltr'><strong>civium</strong></span> <span class='ocrx_word' id='word_1_189' title='bbox 1056 2515 1083 2569; x_wconf 93' lang='lat' dir='ltr'><strong>et</strong></span> <span class='ocrx_word' id='word_1_190' title='bbox 1099 2526 1159 2569; x_wconf 89' lang='lat' dir='ltr'><strong>non</strong></span> <span class='ocrx_word' id='word_1_191' title='bbox 1169 2510 1210 2569; x_wconf 88' lang='lat' dir='ltr'><strong>vis</strong></span> 
     </span>
    </p>
   </div>
   <div class='ocr_carea' id='block_1_12' title="bbox 95 2777 628 2923">
    <p class='ocr_par' dir='ltr' id='par_1_13' title="bbox 95 2777 628 2923">
     <span class='ocr_line' id='line_1_26' title="bbox 129 2777 628 2850; baseline 0.008 -18"><span class='ocrx_word' id='word_1_192' title='bbox 129 2782 205 2850; x_wconf 85' lang='lat' dir='ltr'><strong>prior</strong></span> <span class='ocrx_word' id='word_1_193' title='bbox 221 2777 333 2847; x_wconf 77' lang='lat' dir='ltr'><strong>‘auvor’‚</strong></span> <span class='ocrx_word' id='word_1_194' title='bbox 354 2784 405 2835; x_wconf 88' lang='lat' dir='ltr'><strong>ebe</strong></span> <span class='ocrx_word' id='word_1_195' title='bbox 425 2801 455 2836; x_wconf 90' lang='lat' dir='ltr'><strong>er</strong></span> <span class='ocrx_word' id='word_1_196' title='bbox 474 2784 628 2837; x_wconf 68' lang='lat' dir='ltr'><strong>selbst&#39;an·</strong></span> 
     </span>
     <span class='ocr_line' id='line_1_27' title="bbox 95 2851 618 2923; baseline 0.006 -18"><span class='ocrx_word' id='word_1_197' title='bbox 95 2851 227 2920; x_wconf 78' lang='lat' dir='ltr'><strong>gegriffen</strong></span> <span class='ocrx_word' id='word_1_198' title='bbox 238 2854 342 2920; x_wconf 80' lang='lat' dir='ltr'><strong>werde,</strong></span> <span class='ocrx_word' id='word_1_199' title='bbox 353 2872 375 2906; x_wconf 89' lang='lat' dir='ltr'><strong>s.</strong></span> <span class='ocrx_word' id='word_1_200' title='bbox 387 2871 421 2906; x_wconf 87' lang='lat' dir='ltr'><strong>zn</strong></span> <span class='ocrx_word' id='word_1_201' title='bbox 428 2854 557 2923; x_wconf 80' lang='lat' dir='ltr'><strong>princeps</strong></span> <span class='ocrx_word' id='word_1_202' title='bbox 569 2856 618 2922; x_wconf 70' lang='lat' dir='ltr'><strong>lp.</strong></span> 
     </span>
    </p>
   </div>
   <div class='ocr_carea' id='block_1_13' title="bbox 94 2936 642 3249">
    <p class='ocr_par' dir='ltr' id='par_1_14' title="bbox 130 2936 460 2993">
     <span class='ocr_line' id='line_1_28' title="bbox 130 2936 460 2993; baseline 0.006 -4"><span class='ocrx_word' id='word_1_203' title='bbox 130 2939 262 2993; x_wconf 82' lang='lat' dir='ltr'><strong>iacentem</strong></span> <span class='ocrx_word' id='word_1_204' title='bbox 272 2936 460 2993; x_wconf 76' lang='lat' dir='ltr'><strong>‘Gelellenen’.</strong></span> 
     </span>
    </p>

    <p class='ocr_par' dir='ltr' id='par_1_15' title="bbox 94 3024 627 3162">
     <span class='ocr_line' id='line_1_29' title="bbox 130 3024 627 3096; baseline 0.014 -22"><span class='ocrx_word' id='word_1_205' title='bbox 130 3024 172 3074; x_wconf 83' lang='lat' dir='ltr'><strong>nil</strong></span> <span class='ocrx_word' id='word_1_206' title='bbox 196 3046 222 3072; x_wconf 94' lang='lat'><strong><em>=</em></strong></span> <span class='ocrx_word' id='word_1_207' title='bbox 252 3026 333 3082; x_wconf 80' lang='lat' dir='ltr'><strong>nihil.</strong></span> <span class='ocrx_word' id='word_1_208' title='bbox 353 3057 388 3068; x_wconf 92' lang='lat'><strong>·-</strong></span> <span class='ocrx_word' id='word_1_209' title='bbox 409 3045 532 3096; x_wconf 78' lang='lat' dir='ltr'><strong>quaeque</strong></span> <span class='ocrx_word' id='word_1_210' title='bbox 553 3050 579 3075; x_wconf 96' lang='lat'><strong><em>=</em></strong></span> <span class='ocrx_word' id='word_1_211' title='bbox 600 3035 627 3080; x_wconf 85' lang='lat' dir='ltr'><strong>et</strong></span> 
     </span>
     <span class='ocr_line' id='line_1_30' title="bbox 94 3111 174 3162; baseline 0.063 -18"><span class='ocrx_word' id='word_1_212' title='bbox 94 3111 174 3162; x_wconf 79' lang='lat' dir='ltr'><strong>quae.</strong></span> 
     </span>
    </p>

    <p class='ocr_par' dir='ltr' id='par_1_16' title="bbox 129 3180 642 3249">
     <span class='ocr_line' id='line_1_31' title="bbox 129 3180 642 3249; baseline 0.014 -17"><span class='ocrx_word' id='word_1_213' title='bbox 129 3183 155 3232; x_wconf 85' lang='lat'><strong>7.</strong></span> <span class='ocrx_word' id='word_1_214' title='bbox 166 3180 272 3247; x_wconf 82' lang='lat' dir='ltr'><strong>quidem</strong></span> <span class='ocrx_word' id='word_1_215' title='bbox 281 3180 371 3238; x_wconf 83' lang='lat' dir='ltr'><strong>libers.</strong></span> <span class='ocrx_word' id='word_1_216' title='bbox 380 3184 432 3235; x_wconf 87' lang='lat' dir='ltr'><strong>wie</strong></span> <span class='ocrx_word' id='word_1_217' title='bbox 444 3184 515 3235; x_wconf 87' lang='lat' dir='ltr'><strong>oben</strong></span> <span class='ocrx_word' id='word_1_218' title='bbox 525 3190 540 3249; x_wconf 67' lang='lat'>5</span> <span class='ocrx_word' id='word_1_219' title='bbox 550 3189 574 3236; x_wconf 80' lang='lat'><strong>2.</strong></span> <span class='ocrx_word' id='word_1_220' title='bbox 638 3231 642 3239; x_wconf 93' lang='lat'>.</span> 
     </span>
    </p>
   </div>
   <div class='ocr_carea' id='block_1_14' title="bbox 93 3266 628 3389">
    <p class='ocr_par' dir='ltr' id='par_1_17' title="bbox 93 3266 628 3389">
     <span class='ocr_line' id='line_1_32' title="bbox 129 3266 628 3334; baseline 0.01 -16"><span class='ocrx_word' id='word_1_221' title='bbox 129 3266 297 3318; x_wconf 77' lang='lat' dir='ltr'><strong>exadversus</strong></span> <span class='ocrx_word' id='word_1_222' title='bbox 317 3267 370 3318; x_wconf 86' lang='lat' dir='ltr'><strong>wie</strong></span> <span class='ocrx_word' id='word_1_223' title='bbox 387 3267 424 3334; x_wconf 90' lang='lat' dir='ltr'><strong>II,</strong></span> <span class='ocrx_word' id='word_1_224' title='bbox 434 3270 458 3330; x_wconf 84' lang='lat'><strong>3,</strong></span> <span class='ocrx_word' id='word_1_225' title='bbox 470 3274 486 3322; x_wconf 82' lang='lat'>4</span> <span class='ocrx_word' id='word_1_226' title='bbox 496 3269 628 3322; x_wconf 66' lang='lat' dir='ltr'><strong>exodum-</strong></span> 
     </span>
     <span class='ocr_line' id='line_1_33' title="bbox 93 3336 296 3389; baseline 0 0"><span class='ocrx_word' id='word_1_227' title='bbox 93 3353 154 3389; x_wconf 83' lang='lat' dir='ltr'><strong>sum</strong></span> <span class='ocrx_word' id='word_1_228' title='bbox 164 3336 296 3389; x_wconf 78' lang='lat' dir='ltr'><strong>Athenas.</strong></span> 
     </span>
    </p>
   </div>
   <div class='ocr_carea' id='block_1_15' title="bbox 91 3470 663 4522">
    <p class='ocr_par' dir='ltr' id='par_1_18' title="bbox 92 3470 628 3670">
     <span class='ocr_line' id='line_1_34' title="bbox 128 3470 627 3536; baseline 0.008 -10"><span class='ocrx_word' id='word_1_229' title='bbox 128 3473 163 3536; x_wconf 64' lang='grc' dir='ltr'><strong>Β,</strong></span> <span class='ocrx_word' id='word_1_230' title='bbox 185 3475 207 3527; x_wconf 88' lang='lat' dir='ltr'><strong>l.</strong></span> <span class='ocrx_word' id='word_1_231' title='bbox 228 3474 289 3525; x_wconf 89' lang='lat' dir='ltr'><strong>Hoc</strong></span> <span class='ocrx_word' id='word_1_232' title='bbox 308 3475 412 3527; x_wconf 85' lang='lat' dir='ltr'><strong>deiecto</strong></span> <span class='ocrx_word' id='word_1_233' title='bbox 430 3470 507 3529; x_wconf 76' lang='lat' dir='ltr'><strong>‘nach</strong></span> <span class='ocrx_word' id='word_1_234' title='bbox 527 3477 627 3530; x_wconf 85' lang='lat' dir='ltr'><strong>dassen</strong></span> 
     </span>
     <span class='ocr_line' id='line_1_35' title="bbox 93 3539 628 3600; baseline 0.011 -6"><span class='ocrx_word' id='word_1_235' title='bbox 93 3539 194 3599; x_wconf 80' lang='lat' dir='ltr'><strong>Sturn&#39;.</strong></span> <span class='ocrx_word' id='word_1_236' title='bbox 218 3574 251 3583; x_wconf 91' lang='lat'><em>-</em></span> <span class='ocrx_word' id='word_1_237' title='bbox 273 3545 359 3596; x_wconf 80' lang='lat' dir='ltr'><strong>Attici</strong></span> <span class='ocrx_word' id='word_1_238' title='bbox 381 3546 497 3599; x_wconf 83' lang='lat' dir='ltr'><strong>braucht</strong></span> <span class='ocrx_word' id='word_1_239' title='bbox 517 3547 551 3600; x_wconf 90' lang='lat' dir='ltr'><strong>N.</strong></span> <span class='ocrx_word' id='word_1_240' title='bbox 579 3565 628 3600; x_wconf 81' lang='lat' dir='ltr'><strong>zu-</strong></span> 
     </span>
     <span class='ocr_line' id='line_1_36' title="bbox 92 3612 467 3670; baseline 0.005 -5"><span class='ocrx_word' id='word_1_241' title='bbox 92 3612 191 3665; x_wconf 80' lang='lat' dir='ltr'><strong>wsilen</strong></span> <span class='ocrx_word' id='word_1_242' title='bbox 200 3621 270 3668; x_wconf 84' lang='lat' dir='ltr'><strong>statt</strong></span> <span class='ocrx_word' id='word_1_243' title='bbox 280 3614 467 3670; x_wconf 75' lang='lat' dir='ltr'><strong>Athenienses.</strong></span> 
     </span>
    </p>

    <p class='ocr_par' dir='ltr' id='par_1_19' title="bbox 91 3683 630 4187">
     <span class='ocr_line' id='line_1_37' title="bbox 129 3683 630 3751; baseline 0.01 -16"><span class='ocrx_word' id='word_1_244' title='bbox 129 3683 227 3751; x_wconf 83' lang='lat' dir='ltr'><strong>decem,</strong></span> <span class='ocrx_word' id='word_1_245' title='bbox 245 3686 313 3737; x_wconf 88' lang='lat' dir='ltr'><strong>nach</strong></span> <span class='ocrx_word' id='word_1_246' title='bbox 333 3685 392 3738; x_wconf 89' lang='lat' dir='ltr'><strong>dem</strong></span> <span class='ocrx_word' id='word_1_247' title='bbox 408 3687 487 3741; x_wconf 83' lang='lat' dir='ltr'><strong>Tode</strong></span> <span class='ocrx_word' id='word_1_248' title='bbox 506 3687 630 3740; x_wconf 67' lang='lat' dir='ltr'><strong>deseri·</strong></span> 
     </span>
     <span class='ocr_line' id='line_1_38' title="bbox 93 3753 628 3826; baseline 0.009 -21"><span class='ocrx_word' id='word_1_249' title='bbox 93 3753 147 3805; x_wconf 78' lang='lat' dir='ltr'><strong>tius</strong></span> <span class='ocrx_word' id='word_1_250' title='bbox 166 3772 257 3807; x_wconf 86' lang='lat' dir='ltr'><strong>waren</strong></span> <span class='ocrx_word' id='word_1_251' title='bbox 268 3755 312 3807; x_wconf 89' lang='lat' dir='ltr'><strong>die</strong></span> <span class='ocrx_word' id='word_1_252' title='bbox 322 3756 462 3826; x_wconf 82' lang='lat' dir='ltr'><strong>Uebrlgen</strong></span> <span class='ocrx_word' id='word_1_253' title='bbox 474 3757 524 3810; x_wconf 88' lang='lat' dir='ltr'><strong>der</strong></span> <span class='ocrx_word' id='word_1_254' title='bbox 532 3757 628 3810; x_wconf 86' lang='lat' dir='ltr'><strong>Dreis-</strong></span> 
     </span>
     <span class='ocr_line' id='line_1_39' title="bbox 93 3822 628 3895; baseline 0.011 -21"><span class='ocrx_word' id='word_1_255' title='bbox 93 3822 137 3891; x_wconf 80' lang='lat' dir='ltr'><strong>sig</strong></span> <span class='ocrx_word' id='word_1_256' title='bbox 153 3825 223 3877; x_wconf 88' lang='lat' dir='ltr'><strong>nach</strong></span> <span class='ocrx_word' id='word_1_257' title='bbox 233 3825 343 3877; x_wconf 82' lang='lat' dir='ltr'><strong>Eleusis</strong></span> <span class='ocrx_word' id='word_1_258' title='bbox 363 3827 499 3895; x_wconf 86' lang='lat' dir='ltr'><strong>geflohsn,</strong></span> <span class='ocrx_word' id='word_1_259' title='bbox 519 3829 628 3884; x_wconf 83' lang='lat' dir='ltr'><strong>woraui</strong></span> 
     </span>
     <span class='ocr_line' id='line_1_40' title="bbox 92 3893 627 3949; baseline 0.007 -4"><span class='ocrx_word' id='word_1_260' title='bbox 92 3899 163 3945; x_wconf 79' lang='lat' dir='ltr'><strong>statt</strong></span> <span class='ocrx_word' id='word_1_261' title='bbox 180 3893 255 3947; x_wconf 83' lang='lat' dir='ltr'><strong>ihrer</strong></span> <span class='ocrx_word' id='word_1_262' title='bbox 271 3912 305 3947; x_wconf 80' lang='lat' dir='ltr'><strong>zu</strong></span> <span class='ocrx_word' id='word_1_263' title='bbox 323 3896 412 3948; x_wconf 86' lang='lat' dir='ltr'><strong>Athen</strong></span> <span class='ocrx_word' id='word_1_264' title='bbox 431 3898 463 3949; x_wconf 88' lang='lat'><strong>10</strong></span> <span class='ocrx_word' id='word_1_265' title='bbox 481 3913 550 3949; x_wconf 87' lang='lat' dir='ltr'><strong>neue</strong></span> <span class='ocrx_word' id='word_1_266' title='bbox 570 3898 627 3949; x_wconf 84' lang='lat' dir='ltr'><strong>Ge-</strong></span> 
     </span>
     <span class='ocr_line' id='line_1_41' title="bbox 91 3962 626 4036; baseline 0.007 -21"><span class='ocrx_word' id='word_1_267' title='bbox 91 3962 244 4016; x_wconf 81' lang='lat' dir='ltr'><strong>walthaber</strong></span> <span class='ocrx_word' id='word_1_268' title='bbox 252 3973 361 4034; x_wconf 83' lang='lat' dir='ltr'><strong>gesetzt</strong></span> <span class='ocrx_word' id='word_1_269' title='bbox 371 3965 492 4019; x_wconf 84' lang='lat' dir='ltr'><strong>worden.</strong></span> <span class='ocrx_word' id='word_1_270' title='bbox 503 3994 538 4004; x_wconf 94' lang='lat'><strong>—</strong></span> <span class='ocrx_word' id='word_1_271' title='bbox 545 3983 626 4036; x_wconf 81' lang='lat' dir='ltr'><strong>supe-</strong></span> 
     </span>
     <span class='ocr_line' id='line_1_42' title="bbox 92 4033 627 4105; baseline 0.013 -22"><span class='ocrx_word' id='word_1_272' title='bbox 92 4033 185 4099; x_wconf 69' lang='lat' dir='ltr'><strong>risoris,</strong></span> <span class='ocrx_word' id='word_1_273' title='bbox 196 4035 273 4087; x_wconf 71' lang='lat' dir='ltr'><strong>niml.</strong></span> <span class='ocrx_word' id='word_1_274' title='bbox 285 4037 335 4086; x_wconf 89' lang='lat' dir='ltr'><strong>der</strong></span> <span class='ocrx_word' id='word_1_275' title='bbox 344 4035 485 4105; x_wconf 80' lang='lat' dir='ltr'><strong>Dreissig3</strong></span> <span class='ocrx_word' id='word_1_276' title='bbox 496 4042 627 4090; x_wconf 70' lang='lat' dir='ltr'><strong>mantuae·</strong></span> 
     </span>
     <span class='ocr_line' id='line_1_43' title="bbox 91 4098 503 4187; baseline 0.019 -34"><span class='ocrx_word' id='word_1_277' title='bbox 91 4098 206 4172; x_wconf 77' lang='lat' dir='ltr'><strong>‘gafolgt</strong></span> <span class='ocrx_word' id='word_1_278' title='bbox 214 4100 324 4187; x_wconf 66' lang='lat' dir='ltr'><strong>waren,</strong></span> <span class='ocrx_word' id='word_1_279' title='bbox 336 4122 357 4156; x_wconf 90' lang='lat' dir='ltr'><strong>s.</strong></span> <span class='ocrx_word' id='word_1_280' title='bbox 368 4122 401 4157; x_wconf 83' lang='lat' dir='ltr'><strong>au</strong></span> <span class='ocrx_word' id='word_1_281' title='bbox 411 4106 431 4168; x_wconf 91' lang='lat' dir='ltr'><strong>l,</strong></span> <span class='ocrx_word' id='word_1_282' title='bbox 441 4107 468 4170; x_wconf 87' lang='grc'><strong>8,</strong></span> <span class='ocrx_word' id='word_1_283' title='bbox 478 4109 503 4162; x_wconf 90' lang='grc'><strong>3.</strong></span> 
     </span>
    </p>

    <p class='ocr_par' dir='ltr' id='par_1_20' title="bbox 91 4174 663 4522">
     <span class='ocr_line' id='line_1_44' title="bbox 92 4174 626 4310; baseline 0.011 -17"><span class='ocrx_word' id='word_1_284' title='bbox 92 4189 180 4302; x_wconf 57' lang='lat'><strong>„³2⁰5</strong></span> <span class='ocrx_word' id='word_1_285' title='bbox 199 4174 626 4310; x_wconf 53' lang='lat' dir='ltr'><strong>{tatii-“hillidii</strong></span> 
     </span>
     <span class='ocr_line' id='line_1_45' title="bbox 92 4308 663 4380; baseline 0.012 -18"><span class='ocrx_word' id='word_1_286' title='bbox 92 4311 270 4366; x_wconf 75' lang='lat' dir='ltr'><strong>hibicivsitze</strong></span> <span class='ocrx_word' id='word_1_287' title='bbox 290 4308 433 4367; x_wconf 79' lang='lat' dir='ltr'><strong>‘Niemand</strong></span> <span class='ocrx_word' id='word_1_288' title='bbox 447 4315 545 4380; x_wconf 82' lang='lat' dir='ltr'><strong>sollte’3</strong></span> <span class='ocrx_word' id='word_1_289' title='bbox 562 4317 627 4370; x_wconf 87' lang='lat' dir='ltr'><strong>red·</strong></span> <span class='ocrx_word' id='word_1_290' title='bbox 657 4320 663 4328; x_wconf 57' lang='lat'><em>¹</em></span> 
     </span>
     <span class='ocr_line' id='line_1_46' title="bbox 91 4382 626 4453; baseline 0.013 -21"><span class='ocrx_word' id='word_1_291' title='bbox 91 4382 201 4434; x_wconf 63' lang='lat' dir='ltr'><strong>emesa</strong></span> <span class='ocrx_word' id='word_1_292' title='bbox 218 4383 340 4452; x_wconf 84' lang='lat' dir='ltr'><strong>dagegen</strong></span> <span class='ocrx_word' id='word_1_293' title='bbox 361 4385 404 4439; x_wconf 89' lang='lat' dir='ltr'><strong>sin</strong></span> <span class='ocrx_word' id='word_1_294' title='bbox 421 4386 626 4453; x_wconf 84' lang='lat' dir='ltr'><strong>Belehlwiell,</strong></span> 
     </span>
     <span class='ocr_line' id='line_1_47' title="bbox 91 4453 360 4522; baseline 0.019 -20"><span class='ocrx_word' id='word_1_295' title='bbox 91 4453 360 4522; x_wconf 44' lang='lat' dir='ltr'><strong>desperassent</strong></span> 
     </span>
    </p>
   </div>
   <div class='ocr_carea' id='block_1_16' title="bbox 712 2786 1033 2852">
    <p class='ocr_par' dir='ltr' id='par_1_21' title="bbox 712 2786 1033 2852">
     <span class='ocr_line' id='line_1_48' title="bbox 712 2786 1033 2852; baseline 0.003 -16"><span class='ocrx_word' id='word_1_296' title='bbox 712 2787 738 2836; x_wconf 70' lang='lat'><strong>2.</strong></span> <span class='ocrx_word' id='word_1_297' title='bbox 748 2787 799 2837; x_wconf 83' lang='lat' dir='ltr'><strong>boc</strong></span> <span class='ocrx_word' id='word_1_298' title='bbox 810 2792 846 2839; x_wconf 87' lang='lat' dir='ltr'><strong>st.</strong></span> <span class='ocrx_word' id='word_1_299' title='bbox 856 2786 1033 2852; x_wconf 76' lang='lat' dir='ltr'><strong>bassacium.</strong></span> 
     </span>
    </p>
   </div>
   <div class='ocr_carea' id='block_1_17' title="bbox 678 2872 1211 3082">
    <p class='ocr_par' dir='ltr' id='par_1_22' title="bbox 678 2872 1211 3082">
     <span class='ocr_line' id='line_1_49' title="bbox 713 2872 1211 2942; baseline 0.008 -20"><span class='ocrx_word' id='word_1_300' title='bbox 713 2872 803 2942; x_wconf 81' lang='lat' dir='ltr'><strong>legem</strong></span> <span class='ocrx_word' id='word_1_301' title='bbox 815 2877 902 2939; x_wconf 81' lang='lat' dir='ltr'><strong>serre,</strong></span> <span class='ocrx_word' id='word_1_302' title='bbox 924 2873 977 2942; x_wconf 85' lang='lat' dir='ltr'><strong>sig.</strong></span> <span class='ocrx_word' id='word_1_303' title='bbox 993 2873 1037 2926; x_wconf 92' lang='lat' dir='ltr'><strong>ein</strong></span> <span class='ocrx_word' id='word_1_304' title='bbox 1047 2874 1150 2926; x_wconf 80' lang='lat' dir='ltr'><strong>Gesetn</strong></span> <span class='ocrx_word' id='word_1_305' title='bbox 1161 2891 1211 2926; x_wconf 84' lang='lat' dir='ltr'><strong>vor</strong></span> 
     </span>
     <span class='ocr_line' id='line_1_50' title="bbox 678 2941 1209 3013; baseline 0.008 -21"><span class='ocrx_word' id='word_1_306' title='bbox 678 2941 723 2993; x_wconf 89' lang='lat' dir='ltr'><strong>die</strong></span> <span class='ocrx_word' id='word_1_307' title='bbox 758 2944 1042 3013; x_wconf 85' lang='lat' dir='ltr'><strong>Volksversammlung</strong></span> <span class='ocrx_word' id='word_1_308' title='bbox 1085 2944 1209 3012; x_wconf 77' lang='lat' dir='ltr'><strong>bringeri,</strong></span> 
     </span>
     <span class='ocr_line' id='line_1_51' title="bbox 679 3007 974 3082; baseline 0.003 -20"><span class='ocrx_word' id='word_1_309' title='bbox 679 3012 750 3066; x_wconf 89' lang='lat' dir='ltr'><strong>dann</strong></span> <span class='ocrx_word' id='word_1_310' title='bbox 760 3007 812 3065; x_wconf 76' lang='lat' dir='ltr'><strong>‘ein</strong></span> <span class='ocrx_word' id='word_1_311' title='bbox 822 3014 857 3070; x_wconf 83' lang='lat' dir='ltr'><strong>G,</strong></span> <span class='ocrx_word' id='word_1_312' title='bbox 868 3007 974 3082; x_wconf 85' lang='lat' dir='ltr'><strong>geben’.</strong></span> 
     </span>
    </p>
   </div>
   <div class='ocr_carea' id='block_1_18' title="bbox 678 3099 1211 3291">
    <p class='ocr_par' dir='ltr' id='par_1_23' title="bbox 678 3099 1211 3291">
     <span class='ocr_line' id='line_1_52' title="bbox 713 3099 1209 3163; baseline 0 -13"><span class='ocrx_word' id='word_1_313' title='bbox 713 3106 777 3150; x_wconf 83' lang='lat' dir='ltr'><strong>ante</strong></span> <span class='ocrx_word' id='word_1_314' title='bbox 802 3107 1035 3163; x_wconf 74' lang='lat' dir='ltr'><strong>aetarnmmuru,</strong></span> <span class='ocrx_word' id='word_1_315' title='bbox 1056 3099 1209 3151; x_wconf 86' lang='lat' dir='ltr'><strong>derGenlt.</strong></span> 
     </span>
     <span class='ocr_line' id='line_1_53' title="bbox 678 3167 1211 3236; baseline 0.002 -17"><span class='ocrx_word' id='word_1_316' title='bbox 678 3167 715 3220; x_wconf 87' lang='lat' dir='ltr'><strong>ist</strong></span> <span class='ocrx_word' id='word_1_317' title='bbox 734 3169 916 3236; x_wconf 77' lang='lat' dir='ltr'><strong>zeugmatisch</strong></span> <span class='ocrx_word' id='word_1_318' title='bbox 936 3170 1006 3222; x_wconf 87' lang='lat' dir='ltr'><strong>auch</strong></span> <span class='ocrx_word' id='word_1_319' title='bbox 1024 3169 1211 3221; x_wconf 85' lang='lat' dir='ltr'><strong>aufmultare-</strong></span> 
     </span>
     <span class='ocr_line' id='line_1_54' title="bbox 678 3239 920 3291; baseline -0.004 -1"><span class='ocrx_word' id='word_1_320' title='bbox 678 3245 724 3290; x_wconf 82' lang='lat' dir='ltr'><strong>tur</strong></span> <span class='ocrx_word' id='word_1_321' title='bbox 735 3255 769 3290; x_wconf 81' lang='lat' dir='ltr'><strong>zu</strong></span> <span class='ocrx_word' id='word_1_322' title='bbox 778 3239 920 3291; x_wconf 83' lang='lat' dir='ltr'><strong>beziehen.</strong></span> 
     </span>
    </p>
   </div>
   <div class='ocr_carea' id='block_1_19' title="bbox 677 3323 1212 3744">
    <p class='ocr_par' dir='ltr' id='par_1_24' title="bbox 677 3323 1212 3744">
     <span class='ocr_line' id='line_1_55' title="bbox 715 3323 1211 3390; baseline 0 -15"><span class='ocrx_word' id='word_1_323' title='bbox 715 3325 765 3390; x_wconf 84' lang='lat' dir='ltr'><strong>illi,</strong></span> <span class='ocrx_word' id='word_1_324' title='bbox 776 3325 820 3378; x_wconf 86' lang='lat' dir='ltr'><strong>die</strong></span> <span class='ocrx_word' id='word_1_325' title='bbox 832 3325 963 3389; x_wconf 86' lang='lat' dir='ltr'><strong>Athener,</strong></span> <span class='ocrx_word' id='word_1_326' title='bbox 978 3324 1031 3376; x_wconf 87' lang='lat' dir='ltr'><strong>wis</strong></span> <span class='ocrx_word' id='word_1_327' title='bbox 1041 3323 1091 3376; x_wconf 87' lang='lat' dir='ltr'><strong>der</strong></span> <span class='ocrx_word' id='word_1_328' title='bbox 1099 3323 1211 3375; x_wconf 84' lang='lat' dir='ltr'><strong>Zosam-</strong></span> 
     </span>
     <span class='ocr_line' id='line_1_56' title="bbox 678 3393 1211 3464; baseline -0.004 -17"><span class='ocrx_word' id='word_1_329' title='bbox 678 3395 810 3464; x_wconf 82' lang='lat' dir='ltr'><strong>menbang</strong></span> <span class='ocrx_word' id='word_1_330' title='bbox 837 3395 923 3458; x_wconf 79' lang='lat' dir='ltr'><strong>lehrt3</strong></span> <span class='ocrx_word' id='word_1_331' title='bbox 951 3394 1104 3461; x_wconf 71' lang='lat' dir='ltr'><strong>oblivionis,</strong></span> <span class='ocrx_word' id='word_1_332' title='bbox 1133 3393 1211 3446; x_wconf 73' lang='lat' dir='ltr'><strong>niml.</strong></span> 
     </span>
     <span class='ocr_line' id='line_1_57' title="bbox 679 3465 1210 3536; baseline 0 -21"><span class='ocrx_word' id='word_1_333' title='bbox 679 3466 777 3536; x_wconf 84' lang='lat' dir='ltr'><strong>legem.</strong></span> <span class='ocrx_word' id='word_1_334' title='bbox 812 3465 918 3534; x_wconf 84' lang='lat' dir='ltr'><strong>Wegen</strong></span> <span class='ocrx_word' id='word_1_335' title='bbox 938 3465 987 3517; x_wconf 89' lang='lat' dir='ltr'><strong>der</strong></span> <span class='ocrx_word' id='word_1_336' title='bbox 1005 3465 1123 3519; x_wconf 81' lang='lat' dir='ltr'><strong>Uebers.</strong></span> <span class='ocrx_word' id='word_1_337' title='bbox 1143 3482 1165 3518; x_wconf 90' lang='lat' dir='ltr'><strong>s.</strong></span> <span class='ocrx_word' id='word_1_338' title='bbox 1177 3481 1210 3515; x_wconf 80' lang='lat' dir='ltr'><strong>nu</strong></span> 
     </span>
     <span class='ocr_line' id='line_1_58' title="bbox 678 3534 1209 3602; baseline -0.006 -15"><span class='ocrx_word' id='word_1_339' title='bbox 678 3537 739 3602; x_wconf 86' lang='lat' dir='ltr'><strong>Vll,</strong></span> <span class='ocrx_word' id='word_1_340' title='bbox 750 3538 775 3601; x_wconf 85' lang='lat' dir='ltr'><strong>b,</strong></span> <span class='ocrx_word' id='word_1_341' title='bbox 785 3535 801 3585; x_wconf 89' lang='grc'>3</span> <span class='ocrx_word' id='word_1_342' title='bbox 811 3543 909 3588; x_wconf 81' lang='lat' dir='ltr'><strong>contra</strong></span> <span class='ocrx_word' id='word_1_343' title='bbox 918 3534 1209 3601; x_wconf 69' lang='lat' dir='ltr'><strong>Lacedaemoniorum.</strong></span> 
     </span>
     <span class='ocr_line' id='line_1_59' title="bbox 678 3599 1212 3669; baseline -0.004 -13"><span class='ocrx_word' id='word_1_344' title='bbox 678 3605 791 3659; x_wconf 85' lang='lat' dir='ltr'><strong>Griech.</strong></span> <span class='ocrx_word' id='word_1_345' title='bbox 802 3605 1035 3658; x_wconf 81' lang='lat' dir='ltr'><strong>helsstAmnestle</strong></span> <span class='ocrx_word' id='word_1_346' title='bbox 1049 3599 1141 3669; x_wconf 77' lang='grc' dir='ltr'><strong>ἄδεια,</strong></span> <span class='ocrx_word' id='word_1_347' title='bbox 1154 3611 1212 3655; x_wconf 84' lang='lat' dir='ltr'><strong>ersi</strong></span> 
     </span>
     <span class='ocr_line' id='line_1_60' title="bbox 677 3671 1074 3744; baseline -0.005 -17"><span class='ocrx_word' id='word_1_348' title='bbox 677 3676 772 3744; x_wconf 77' lang='lat' dir='ltr'><strong>spiter</strong></span> <span class='ocrx_word' id='word_1_349' title='bbox 782 3671 923 3744; x_wconf 79' lang='grc' dir='ltr'><strong><em>α’μνηστία</em></strong></span> <span class='ocrx_word' id='word_1_350' title='bbox 932 3675 1074 3741; x_wconf 78' lang='lat' dir='ltr'><strong>(obliuio).-</strong></span> 
     </span>
    </p>
   </div>
   <div class='ocr_carea' id='block_1_20' title="bbox 711 3778 1096 3847">
    <p class='ocr_par' dir='ltr' id='par_1_25' title="bbox 711 3778 1096 3847">
     <span class='ocr_line' id='line_1_61' title="bbox 711 3778 1096 3847; baseline -0.013 -15"><span class='ocrx_word' id='word_1_351' title='bbox 711 3782 737 3832; x_wconf 85' lang='grc'><strong>3.</strong></span> <span class='ocrx_word' id='word_1_352' title='bbox 748 3797 808 3831; x_wconf 86' lang='lat' dir='ltr'><strong>cum</strong></span> <span class='ocrx_word' id='word_1_353' title='bbox 817 3780 915 3847; x_wconf 77' lang='lat' dir='ltr'><strong>quidus</strong></span> <span class='ocrx_word' id='word_1_354' title='bbox 926 3797 948 3831; x_wconf 88' lang='lat' dir='ltr'><strong>s.</strong></span> <span class='ocrx_word' id='word_1_355' title='bbox 959 3796 991 3831; x_wconf 84' lang='lat' dir='ltr'><strong>au</strong></span> <span class='ocrx_word' id='word_1_356' title='bbox 1000 3778 1024 3846; x_wconf 89' lang='lat'><strong>1,</strong></span> <span class='ocrx_word' id='word_1_357' title='bbox 1037 3780 1096 3844; x_wconf 81' lang='lat'><strong>1,2.</strong></span> 
     </span>
    </p>
   </div>
   <div class='ocr_carea' id='block_1_21' title="bbox 677 3861 1207 4000">
    <p class='ocr_par' dir='ltr' id='par_1_26' title="bbox 677 3861 1207 4000">
     <span class='ocr_line' id='line_1_62' title="bbox 710 3861 1207 3932; baseline -0.01 -16"><span class='ocrx_word' id='word_1_358' title='bbox 710 3866 829 3917; x_wconf 83' lang='lat' dir='ltr'><strong>reditum</strong></span> <span class='ocrx_word' id='word_1_359' title='bbox 858 3862 995 3919; x_wconf 84' lang='lat' dir='ltr'><strong>erat‘man</strong></span> <span class='ocrx_word' id='word_1_360' title='bbox 1013 3861 1070 3926; x_wconf 87' lang='lat'><strong>-’;</strong></span> <span class='ocrx_word' id='word_1_361' title='bbox 1096 3862 1207 3932; x_wconf 82' lang='lat' dir='ltr'><strong>publice</strong></span> 
     </span>
     <span class='ocr_line' id='line_1_63' title="bbox 677 3933 848 4000; baseline -0.006 -14"><span class='ocrx_word' id='word_1_362' title='bbox 677 3934 774 4000; x_wconf 83' lang='lat' dir='ltr'><strong>wiell,</strong></span> <span class='ocrx_word' id='word_1_363' title='bbox 785 3933 811 3998; x_wconf 86' lang='lat'><strong>8,</strong></span> <span class='ocrx_word' id='word_1_364' title='bbox 823 3938 848 3986; x_wconf 81' lang='lat'><strong>5.</strong></span> 
     </span>
    </p>
   </div>
   <div class='ocr_carea' id='block_1_22' title="bbox 676 4085 1210 4438">
    <p class='ocr_par' dir='ltr' id='par_1_27' title="bbox 676 4085 1210 4438">
     <span class='ocr_line' id='line_1_64' title="bbox 709 4085 1208 4154; baseline -0.004 -14"><span class='ocrx_word' id='word_1_365' title='bbox 709 4088 747 4150; x_wconf 76' lang='lat'><strong>4,</strong></span> <span class='ocrx_word' id='word_1_366' title='bbox 766 4089 790 4140; x_wconf 89' lang='lat'><strong>1.</strong></span> <span class='ocrx_word' id='word_1_367' title='bbox 803 4088 917 4140; x_wconf 79' lang='lat' dir='ltr'><strong>honoris</strong></span> <span class='ocrx_word' id='word_1_368' title='bbox 927 4103 1039 4154; x_wconf 82' lang='lat' dir='ltr'><strong>corono,</strong></span> <span class='ocrx_word' id='word_1_369' title='bbox 1049 4087 1084 4139; x_wconf 89' lang='lat' dir='ltr'><strong>im</strong></span> <span class='ocrx_word' id='word_1_370' title='bbox 1093 4085 1126 4138; x_wconf 89' lang='lat' dir='ltr'><strong>D.</strong></span> <span class='ocrx_word' id='word_1_371' title='bbox 1137 4085 1208 4138; x_wconf 83' lang='lat' dir='ltr'><strong>kann</strong></span> 
     </span>
     <span class='ocr_line' id='line_1_65' title="bbox 676 4156 1208 4210; baseline -0.002 -2"><span class='ocrx_word' id='word_1_372' title='bbox 676 4173 735 4209; x_wconf 88' lang='lat' dir='ltr'><strong>man</strong></span> <span class='ocrx_word' id='word_1_373' title='bbox 755 4158 796 4209; x_wconf 90' lang='lat' dir='ltr'><strong>olt</strong></span> <span class='ocrx_word' id='word_1_374' title='bbox 805 4173 855 4210; x_wconf 88' lang='lat' dir='ltr'><strong>ans</strong></span> <span class='ocrx_word' id='word_1_375' title='bbox 866 4157 926 4210; x_wconf 86' lang='lat' dir='ltr'><strong>dem</strong></span> <span class='ocrx_word' id='word_1_376' title='bbox 936 4158 1079 4210; x_wconf 83' lang='lat' dir='ltr'><strong>Substsnt.</strong></span> <span class='ocrx_word' id='word_1_377' title='bbox 1091 4156 1146 4209; x_wconf 89' lang='lat' dir='ltr'><strong>und</strong></span> <span class='ocrx_word' id='word_1_378' title='bbox 1156 4157 1208 4208; x_wconf 88' lang='lat' dir='ltr'><strong>sei-</strong></span> 
     </span>
     <span class='ocr_line' id='line_1_66' title="bbox 677 4226 1208 4297; baseline -0.004 -19"><span class='ocrx_word' id='word_1_379' title='bbox 677 4244 726 4278; x_wconf 89' lang='lat' dir='ltr'><strong>ner</strong></span> <span class='ocrx_word' id='word_1_380' title='bbox 761 4227 917 4297; x_wconf 78' lang='lat' dir='ltr'><strong>Beiliigung</strong></span> <span class='ocrx_word' id='word_1_381' title='bbox 952 4229 996 4281; x_wconf 88' lang='lat' dir='ltr'><strong>ein</strong></span> <span class='ocrx_word' id='word_1_382' title='bbox 1024 4226 1208 4297; x_wconf 82' lang='lat' dir='ltr'><strong>Composltum</strong></span> 
     </span>
     <span class='ocr_line' id='line_1_67' title="bbox 676 4295 1210 4366; baseline -0.007 -18"><span class='ocrx_word' id='word_1_383' title='bbox 676 4296 778 4350; x_wconf 86' lang='lat' dir='ltr'><strong>bilden.</strong></span> <span class='ocrx_word' id='word_1_384' title='bbox 804 4328 840 4337; x_wconf 97' lang='lat'><em>-</em></span> <span class='ocrx_word' id='word_1_385' title='bbox 861 4303 945 4366; x_wconf 81' lang='lat' dir='ltr'><strong>facto</strong></span> <span class='ocrx_word' id='word_1_386' title='bbox 970 4298 1008 4351; x_wconf 83' lang='lat' dir='ltr'><strong>ist</strong></span> <span class='ocrx_word' id='word_1_387' title='bbox 1033 4299 1107 4350; x_wconf 91' lang='lat' dir='ltr'><strong>bloss</strong></span> <span class='ocrx_word' id='word_1_388' title='bbox 1126 4295 1210 4348; x_wconf 87' lang='lat' dir='ltr'><strong>durch</strong></span> 
     </span>
     <span class='ocr_line' id='line_1_68' title="bbox 678 4368 1111 4438; baseline -0.002 -20"><span class='ocrx_word' id='word_1_389' title='bbox 678 4368 739 4421; x_wconf 85' lang='lat' dir='ltr'><strong>eine</strong></span> <span class='ocrx_word' id='word_1_390' title='bbox 749 4368 863 4438; x_wconf 70' lang='lat' dir='ltr'><strong>Pripos.</strong></span> <span class='ocrx_word' id='word_1_391' title='bbox 876 4368 1111 4437; x_wconf 81' lang='lat' dir='ltr'><strong>wiedernugebsn.</strong></span> 
     </span>
    </p>
   </div>
   <div class='ocr_carea' id='block_1_23' title="bbox 712 4455 1210 4522">
    <p class='ocr_par' dir='ltr' id='par_1_28' title="bbox 712 4455 1210 4522">
     <span class='ocr_line' id='line_1_69' title="bbox 712 4455 1210 4522; baseline -0.016 -14"><span class='ocrx_word' id='word_1_392' title='bbox 712 4471 794 4521; x_wconf 79' lang='lat' dir='ltr'><strong>poam</strong></span> <span class='ocrx_word' id='word_1_393' title='bbox 811 4455 884 4522; x_wconf 78' lang='lat' dir='ltr'><strong>quod</strong></span> <span class='ocrx_word' id='word_1_394' title='bbox 903 4472 926 4507; x_wconf 90' lang='lat' dir='ltr'><strong>s.</strong></span> <span class='ocrx_word' id='word_1_395' title='bbox 937 4470 971 4506; x_wconf 82' lang='lat' dir='ltr'><strong>zu</strong></span> <span class='ocrx_word' id='word_1_396' title='bbox 980 4455 1002 4520; x_wconf 78' lang='grc' dir='ltr'><strong>Ι,</strong></span> <span class='ocrx_word' id='word_1_397' title='bbox 1012 4455 1149 4521; x_wconf 80' lang='grc' dir='ltr'><strong>1,2οιιιίιι</strong></span> <span class='ocrx_word' id='word_1_398' title='bbox 1157 4467 1210 4518; x_wconf 85' lang='lat' dir='ltr'><strong>ge-</strong></span> 
     </span>
    </p>
   </div>
   <div class='ocr_carea' id='block_1_24' title="bbox 0 0 1376 5056">
    <p class='ocr_par' dir='ltr' id='par_1_29' title="bbox 0 0 1376 5056">
     <span class='ocr_line' id='line_1_70' title="bbox 0 0 1376 5056; baseline 0 2"><span class='ocrx_word' id='word_1_399' title='bbox 0 0 1376 5056; x_wconf 95' lang='lat' dir='ltr'><strong> </strong></span> 
     </span>
    </p>
   </div>
  </div>
 </body>
</html>
