2744 5056
175 721 217 785 46
514 734 573 789 Vll.
591 733 805 790 ALCIBIADES
824 735 900 790 CAP.
919 743 943 794 4.

175 911 303 973 instabat
327 919 443 987 tempus
469 908 505 968 ad
527 907 638 968 bellum
662 910 880 987 proficiscendi.
926 909 958 969 ld
978 909 1029 970 ille
1049 911 1168 970 intuens
1189 925 1292 987 neque

175 1002 317 1076 ignoraus
338 996 446 1055 civium
466 1011 588 1054 suorum
608 995 855 1055 consuetudinem
870 993 1052 1138 llosmlabat’
1073 999 1099 1056 si
1116 994 1186 1070 quid
1203 994 1241 1056 de
1257 1015 1292 1057 se

176 1083 221 1159 agi
245 1079 367 1156 vellent,
389 1079 487 1157 potius
503 1078 539 1139 de
554 1086 710 1156 praesente
729 1080 862 1155 quaestio
901 1077 1053 1148 aberetur‚
1076 1097 1163 1156 quam
1179 1078 1291 1141 absens

142 1164 302 1226 einvidiae
323 1165 446 1224 crimine
468 1170 667 1224 accusaretur.
706 1161 821 1223 Inimici
842 1181 912 1224 vero
934 1165 998 1224 eius
1021 1165 1236 1239 quiescendum
1257 1167 1290 1224 in

175 1250 341 1330 praesenti,
358 1249 425 1325 quia
441 1250 543 1308 noceri
558 1265 618 1308 nou
633 1265 721 1327 posse
736 1246 963 1325 intellegebant,
979 1257 1008 1308 ct
1021 1247 1095 1308 illud
1108 1257 1226 1326 tempus
1239 1268 1292 1309 ex-

177 1333 369 1412 spectandum
385 1332 595 1401 decreverunt,
611 1335 669 1408 qito
687 1333 810 1401 exisset,
825 1340 858 1392 ut
870 1332 1024 1393 absentem
1035 1332 1290 1410 adgrederentur3

142 1430 159 1482 3
175 1421 274 1498 itaque
295 1418 440 1483 iecerunt,
467 1416 543 1476 *Nam
561 1425 718 1495 postquam
733 1418 764 1476 in
776 1416 908 1479 Siciliam
922 1435 988 1478 eum
1003 1419 1175 1494 pervenisse
1191 1419 1290 1479 credi·

176 1504 298 1567 derunt.
314 1500 482 1572 absentem,
498 1501 577 1577 quod
592 1519 678 1562 sacra
688 1500 840 1571 violasset,
856 1519 941 1562 reum
953 1502 1098 1563 iecerunt.
1129 1499 1193 1570 Qua
1206 1502 1243 1563 de
1254 1521 1291 1564 re

69 1625 71 1639 2
176 1607 244 1650 cum
266 1588 294 1647 ei
314 1587 434 1646 nuntius
455 1605 471 1646 a
493 1587 666 1662 magistratu
684 1587 715 1645 in
733 1586 861 1647 Siciliam
881 1588 991 1647 missus
1007 1596 1098 1664 esset,
1120 1595 1151 1646 ut
1167 1587 1291 1647 domum

176 1674 212 1734 ad
234 1689 353 1732 causam
372 1669 528 1730 dicendam
549 1668 675 1740 rediret,
703 1679 840 1751 essetque
863 1672 893 1729 iu
914 1688 1019 1747 magna
1042 1689 1094 1749 spe
1115 1673 1291 1748 provinciae

175 1756 253 1817 bene
274 1753 538 1822 administrandae,
566 1772 626 1814 non
648 1773 755 1833 parere
775 1755 872 1816 noluit
895 1757 974 1816 etin
996 1757 1133 1831 trierem,
1155 1773 1233 1836 quae
1252 1757 1290 1817 ad

142 1859 244 1904 ceum
265 1847 328 1900 erat
350 1839 565 1916 deportandum
585 1840 690 1910 missa,
714 1840 855 1901 ascendit,
892 1838 953 1900 Hac
974 1839 1103 1900 Thurios
1122 1843 1153 1900 iu
1174 1840 1290 1902 ltaliam

176 1931 345 2006 pervectuS,
366 1922 458 1984 multa
477 1942 580 1985 seeum
601 1934 742 2002 reputans
764 1925 800 1985 de
821 1924 1013 1984 immoderata
1036 1925 1143 1984 civium
1164 1943 1290 1985 suorum

176 2011 296 2071 lieentia
319 2007 551 2086 crudelitateque
573 2026 642 2087 erga
659 2007 789 2078 nobiles,
813 2007 1001 2070 utilissimum
1016 2017 1098 2070 ratus
1113 2009 1290 2087 impenden-

175 2104 235 2157 tem
258 2095 366 2154 evitare
388 2100 609 2170 tempestatem,
633 2092 708 2154 clam
729 2113 762 2153 se
782 2093 818 2154 ab
834 2093 1006 2155 custodibus
1021 2093 1160 2153 subduxit
1175 2101 1204 2154 et
1218 2094 1290 2155 iude

143 2181 306 2260 eprimum
326 2176 459 2251 Elidem,
482 2177 550 2237 dein
571 2176 688 2238 Thebas
708 2179 795 2239 venit.
826 2178 984 2256 Postquam
1007 2186 1106 2238 autem
1127 2196 1158 2239 se
1184 2180 1291 2257 capitis

177 2266 346 2326 damnatum
376 2261 463 2321 bouis
492 2260 651 2338 publicatis
680 2262 802 2337 audivit,
834 2271 875 2332 et,
907 2264 936 2322 id
967 2263 1045 2338 quod
1071 2280 1127 2322 usu
1158 2272 1290 2339 venerat,

210 2450 243 2500 ld
263 2449 375 2498 intuens
396 2445 449 2496 wie
470 2445 538 2496 baec
556 2446 707 2513 respiciens
794 2464 856 2498 curn
880 2446 916 2498 ist
933 2446 978 2498 fiir
997 2446 1045 2497 des
1064 2449 1088 2497 2.
1108 2446 1190 2498 Giied
1208 2453 1294 2498 esset·

176 2519 198 2585 1,
212 2519 238 2582 8,
247 2522 273 2570 4.
520 2569 523 2575 ,
759 2533 809 2582 que
827 2515 858 2567 ire
876 2533 982 2585 magno
1005 2534 1052 2583 spe
1069 2516 1212 2568 concessir
1230 2519 1293 2568 auf·

211 2605 297 2654 neque
315 2589 453 2657 ignorans
470 2582 550 2639 ‘wohl
565 2583 706 2639 kennend'.
758 2586 949 2639 uufassenund
959 2586 1175 2642 zuiibersetzen.
1186 2603 1293 2654 -pro-

167 2658 254 2708 'Wird
284 2658 327 2709 ein
350 2657 492 2725 negativer
513 2657 623 2726 Begriff
642 2675 705 2709 ver·
757 2656 851 2708 vincia
879 2656 1011 2708 braucbte
1039 2672 1097 2707 men
1126 2672 1179 2708 ron
1196 2657 1293 2722 jedem

175 2729 259 2792 neint,
288 2745 318 2780 so
346 2728 434 2778 beben
455 2727 513 2778 sicb
534 2727 578 2779 die
605 2727 705 2780 beiden
759 2726 1190 2794 ertheiltenAmtoderAuftrag.

175 2799 349 2866 Negationen
370 2797 445 2848 nicht
463 2797 537 2848 bloss
559 2799 613 2860 eui,
642 2816 733 2850 som·
792 2814 849 2848 non
874 2815 972 2866 perere
998 2793 1187 2863 ‘urgeborsam
1214 2798 1293 2853 sein'.

176 2870 243 2920 dern
263 2866 400 2917 bewirkeu
418 2865 479 2916 eine
489 2868 642 2919 verstiirkte
651 2868 705 2922 Be·
757 2866 823 2919 Zum
832 2867 973 2919 Nacbsatz
984 2866 1049 2935 llige
1059 2859 1156 2922 ‘doch’.

172 2935 466 3006 Jabung(Litotes).-
475 2937 707 3002 consuetudinem,
792 2945 818 2988 et
827 2931 962 2988 ‘condeto'
971 2954 992 2987 s.
1003 2954 1037 2988 zu
1047 2936 1149 3003 xviii,
1159 2941 1184 2999 4,
1195 2939 1221 2990 3.
1259 2952 1261 2958 ·

176 3003 707 3072 welchegemeintsei,siehtmanaus54.
791 3007 892 3072 trieris,
914 3001 1039 3073 τριήρης,
1068 3001 1119 3056 ‘eiu
1142 3005 1292 3056 Dreirude-

211 3075 396 3142 quaestionem
413 3075 514 3126 babere
527 3072 708 3128 ‘eineUnter-
758 3078 821 3144 rer',
843 3081 913 3128 statt
934 3076 981 3128 des
1005 3075 1210 3147 gewdhulichen
1238 3078 1294 3127 tri-

177 3147 297 3214 sucbung
327 3139 477 3196 anstellen’.
532 3145 626 3197 Ueber
653 3145 705 3198 den
756 3147 847 3214 remis,
857 3164 879 3198 s.
890 3162 924 3196 zu
933 3145 968 3210 lI,
982 3151 1007 3211 2,
1017 3147 1042 3196 5.

177 3218 283 3269 blossen
307 3215 471 3282 Conjunetiv
492 3216 561 3266 ohne
582 3222 615 3268 ut
636 3217 705 3270 nach
790 3219 815 3268 4.
826 3215 985 3281 irridebam,
996 3213 1158 3284 Apposition
1169 3228 1202 3264 uu
1213 3212 1292 3265 'l'bu-

173 3287 332 3358 postulabat
342 3303 400 3337 sau
411 3286 433 3352 1,
447 3289 468 3348 1,
481 3286 589 3354 dirique
599 3286 706 3339 Lemnii
756 3286 829 3345 river
845 3287 898 3338 wir
920 3285 1078 3354 umgekebrt
1096 3280 1172 3336 ‘nach
1189 3282 1291 3337 ltelien

175 3357 648 3442 suespontefecerentpqetulasset.
689 3421 697 3440 ‚
757 3359 810 3410 und
821 3373 896 3408 zwar
905 3357 973 3408 nach
983 3349 1098 3407 Thurii'.

177 3427 706 3561 altitiffittttliiltiit,372·

175 3583 251 3634 quam
264 3565 370 3633 perpeti
388 3570 507 3633 possent.
529 3595 563 3604 -
583 3566 708 3618 inuidiae

176 3635 289 3688 crimine
323 3630 381 3685 ‘auf
406 3635 467 3685 eine
485 3633 704 3705 Beschuldigung

176 3708 224 3759 des
235 3699 348 3756 Hasses'
357 3703 384 3755 d.
394 3704 412 3755 i.
422 3703 514 3756 seiner
523 3703 637 3758 Hasser.

210 3781 235 3831 2.
250 3775 705 3843 quiescendum-exspectandum

175 3849 369 3899 decreverunt.-
387 3844 456 3896 nach
474 3844 525 3895 deu
541 3845 640 3898 Verbis
649 3846 705 3898 ‘be-

175 3910 334 3970 sebliessen'
355 3915 469 3981 (statuo,
489 3917 633 3978 constituo,
659 3917 706 3968 de-

176 3988 280 4052 cerno),
310 3986 381 4038 kann
402 3989 469 4037 stett
489 3985 538 4038 des
560 3987 638 4042 infin.
664 3986 704 4038 als

176 4058 278 4124 Objeet
301 4056 344 4106 ein
366 4073 424 4108 aec.
446 4073 469 4107 c.
490 4054 538 4108 ini.
560 4056 705 4124 gerundivi

177 4127 282 4188 steben3
292 4142 312 4178 s.
325 4127 366 4190 10,
376 4131 401 4179 2.

211 4197 242 4247 in
267 4196 407 4263 praesenti
432 4193 580 4251 ‘unterde'n
607 4215 709 4267 gegeb-

175 4265 308 4334 wiirtigen
327 4263 549 4336 Verhttenissen',
570 4285 637 4322 seu
655 4270 707 4320 buc

176 4337 334 4402 intempore
344 4337 366 4398 1,
376 4337 401 4394 b,
414 4339 437 4388 1.
448 4337 534 4403 XXV,
548 4343 588 4403 12,
600 4340 625 4399 5.

211 4407 338 4473 itaque:
348 4412 374 4456 et
382 4405 432 4456 ite.

211 4481 236 4532 3.
263 4493 374 4528 caucum
393 4475 483 4528 dicere
501 4471 567 4528 ‘sich
584 4493 634 4528 vor
650 4477 706 4529 Ge-

177 4542 463 4614 ricbtvertbeidigen'.

793 3435 924 3495 reputares
941 3422 1096 3493 begriindet
1113 3423 1165 3474 den
1183 3423 1291 3491 folgen-

758 3497 810 3549 den
818 3497 992 3560 Entscbluss3
1010 3502 1089 3547 ratus
1108 3494 1165 3544 ldse
1180 3494 1229 3544 uni
1238 3493 1291 3544 wie

758 3567 883 3634 abreptos
901 3567 922 3631 1,
940 3568 966 3630 4,
984 3570 1010 3616 2.
1030 3563 1206 3623 cautium,
1228 3567 1253 3628 7,
1264 3565 1293 3616 6.

756 3654 882 3769 catii
896 3631 1290 3770 1111111111

756 3776 791 3828 im
810 3774 975 3828 ieindlicben
985 3775 1077 3826 Sinne.
1087 3802 1121 3811 —
1131 3771 1293 3840 impenden-

755 3845 1033 3913 temvonirnpendeo.
1131 3858 1133 3863 ·

792 3916 1037 3980 &mowbmb

790 3988 816 4040 b.
835 3983 1078 4052 boniepublicotis,
1095 3983 1147 4033 Art
1156 3998 1183 4032 u.
1194 3981 1291 4032 Weise

758 4055 807 4106 der
826 4055 1047 4122 Verurtbeilung,
1066 4049 1122 4104 ‘mit
1139 4051 1289 4118 Bescbleg-

758 4119 1070 4177 nahmeseineerter’.

794 4194 824 4246 id
843 4196 916 4263 quod
923 4189 1007 4258 ε1111,
1025 4190 1137 4246 beeiebt
1146 4189 1204 4240 sich
1214 4189 1292 4242 nicht

759 4266 808 4315 eui
833 4266 876 4317 ein
894 4265 1029 4317 einzelnen
1048 4262 1138 4324 Wort,
1170 4259 1290 4312 sondern

759 4336 808 4386 aui
824 4335 901 4386 einen
921 4352 1025 4403 genzen
1043 4333 1119 4384 Setz.
1129 4358 1164 4369 -
1174 4347 1229 4381 uere
1245 4346 1291 4381 oe-

758 4411 838 4456 nerut
864 4401 994 4458 ‘wirklicb
1026 4400 1180 4474 gescbeben
1207 4395 1292 4463 wer';

756 4474 827 4526 deun
835 4476 883 4526 das
894 4475 1034 4544 Fulgende
1048 4473 1148 4526 ltiinnie
1158 4471 1293 4539 ungleub-

757 4544 808 4596 liclt
820 4545 957 4598 scheinen.
