2744 5056
408 658 508 716 xmu
524 658 856 720 mantuanense.
1131 628 1193 712 149

73 836 172 898 cundo
188 843 217 897 et
232 834 384 896 vicesimo.
415 833 453 895 Ut
468 835 548 894 enim
562 833 677 896 Romae
691 833 845 908 consules,
854 835 901 896 sie·
913 834 1090 912 Cartbagine
1105 843 1192 912 quot-

72 923 159 984 annis
182 920 274 981 annui
295 918 359 979 bini
373 935 460 994 reges
475 916 665 980 creabantur.
695 919 729 980 In
745 937 780 979 eo
797 920 970 997 magistratu
985 920 1051 999 pari
1066 918 1191 997 diligen·
1208 929 1226 981 5

72 1009 113 1069 tia
127 1024 161 1067 se
176 1002 323 1065 Hannibal
339 1001 477 1081 praebuit
491 1021 526 1062 ac
541 1002 639 1063 luerat
653 1004 684 1063 in
700 1001 789 1064 bello.
820 1003 954 1084 Namque
967 1004 1073 1073 effecit,
1090 1023 1125 1065 ex
1138 1021 1194 1063 no-

73 1093 117 1152 vis
128 1085 322 1167 vectigalibus
337 1104 397 1147 non
413 1086 510 1148 solum
524 1093 559 1147 ut
573 1094 653 1148 esset
666 1088 807 1166 pecunia,
829 1105 905 1163 quae
921 1088 1063 1150 Romanis
1079 1106 1114 1149 ex
1129 1089 1193 1149 loe-

73 1176 147 1236 dere
170 1172 362 1253 penderetur,
385 1171 436 1232 sed
454 1173 541 1232 etiam
557 1180 736 1250 superesset,
759 1190 835 1252 quae
850 1175 880 1233 in
896 1175 1015 1234 aerario
1030 1191 1192 1251 reponere-

72 1266 131 1320 tur.
163 1257 290 1327 Deinde,
306 1257 344 1317 M.
361 1254 482 1317 Claudio
497 1255 530 1316 t.
546 1255 637 1316 Furio
653 1255 843 1335 consulibus,
859 1257 951 1318 Roma
966 1255 1054 1334 legati
1070 1257 1191 1318 Cartha·
1210 1266 1227 1319 6

73 1345 172 1421 ginem
189 1348 342 1403 venerunt.
372 1341 433 1401 Hos
447 1339 597 1402 Hannibal
611 1349 694 1403 ratus
709 1343 755 1403 sui
771 1341 950 1421 exposcendi
965 1342 1059 1419 gratia
1075 1343 1193 1418 missos,

72 1430 247 1508 priusquam
278 1427 315 1486 iis
342 1435 464 1486 senatus
490 1425 626 1495 daretur,
652 1444 756 1486 navem
787 1427 920 1488 ascendit
946 1425 1022 1488 clam
1048 1436 1135 1506 atque
1160 1428 1192 1488 in
1206 1440 1245 1483 too

73 1513 192 1592 Syriam
210 1510 247 1570 ad
268 1509 446 1571 Antiochum
469 1509 609 1597 prologit.
640 1511 702 1570 Hac
725 1529 759 1572 re
779 1512 877 1590 palam
898 1512 973 1572 lacta
995 1511 1088 1572 Poeni
1103 1522 1226 1571 naresi

72 1598 161 1673 duas,
184 1613 261 1673 quae
281 1613 349 1655 eum
371 1594 671 1673 comprehenderent,
688 1595 714 1656 si
728 1604 853 1673 possent
868 1598 1021 1672 consequi,
1039 1596 1193 1672 miserunt,

72 1682 151 1742 bona
173 1678 465 1758 eius'publioarunt,
488 1679 609 1739 domum
631 1700 646 1740 a
668 1679 870 1741 fundamentis
891 1680 1080 1750 disiecerunt,
1097 1682 1195 1758 ipsum

73 1764 206 1827 exsulem
222 1764 401 1828 iudicarunt.
728 1824 730 1829 ,

159 1846 189 1910 8.
206 1846 396 1909 AtHannibal
408 1866 486 1908 anno
494 1855 609 1925 quarto,
623 1848 781 1927 postquam
790 1849 877 1908 domo
887 1847 1072 1927 profugerat,
1085 1847 1117 1908 L.
1125 1848 1196 1909 Cor-

73 1934 155 1995 uelio
176 1931 211 2002 Q.
233 1933 362 1993 Minucio
379 1932 566 2003 oonsulibus,
597 1951 666 1994 cum
687 1934 711 1993 V
732 1932 855 1994 navibus
875 1933 1006 1993 Airicam
1021 1934 1147 1993 accessit
1161 1936 1192 1994 in
1207 1945 1245 1989 ¹03

73 2017 183 2079 linibus
199 2017 435 2096 Cyrenaeorum,
457 2019 483 2078 si
504 2017 582 2078 lorte
598 2017 862 2094 Carthaginienses·
877 2017 914 2078 ad
929 2016 1041 2078 bellum
1057 2018 1195 2078 Antiochi

73 2120 128 2182 spe
148 2102 316 2180 fiduciaque
340 2109 462 2180 possent
481 2102 598 2172 induci,
616 2104 664 2163 cui
683 2106 744 2164 iarn
759 2111 963 2182 persuaserat,
979 2109 1012 2162 ut
1026 2119 1093 2162 cum
1110 2122 1195 2164 exer·

75 2186 184 2247 citibus
204 2187 235 2246 in
254 2184 369 2246 italiam
390 2186 642 2264 proficisceretur.
672 2188 737 2249 Huc
758 2188 914 2265 Magonem
934 2187 1057 2248 fratrem
1079 2189 1195 2251 excivit.

76 2272 107 2332 id
128 2269 181 2331 ubi
202 2271 295 2331 Poeni
315 2272 518 2347 resciverunt,
540 2271 696 2349 Magonem
718 2273 838 2342 eadem,
861 2290 919 2353 qua
936 2272 1074 2343 fratrem,
1089 2270 1231 2332 absens

76 2368 135 2419 tem
155 2354 321 2415 affecerunt
341 2372 446 2432 poena.
478 2355 524 2415 Illi
545 2356 710 2434 desperatis
732 2357 823 2418 rebus
844 2374 912 2416 oum
928 2355 1084 2416 solvissent
1106 2373 1196 2417 naves

76 2457 111 2500 ac
137 2438 201 2500 vela
231 2439 326 2500 ventis
352 2439 520 2517 dedissent,
546 2440 694 2502 Hannibal
716 2441 753 2501 ad
775 2439 951 2501 Antiochum
978 2441 1128 2519 pervenit:
1159 2440 1196 2502 de

75 2524 210 2605 Magonis
230 2525 355 2585 interitu
374 2523 482 2603 duplex
504 2526 646 2586 memoria
677 2525 794 2604 prodita
816 2532 870 2586 est.
900 2523 1034 2601 Namque
1054 2524 1103 2584 alii
1124 2542 1197 2585 nau·

113 2724 204 2775 annui
213 2719 272 2775 ‘eui
279 2723 323 2775 ein
331 2719 417 2778 Jahr’,
700 2733 827 2777 senatum
844 2726 912 2776 dare
928 2719 1039 2777 ‘Zutrttt
1057 2723 1128 2776 belm
1144 2725 1197 2777 So·

111 2793 138 2846 5.
147 2794 179 2845 iu
191 2793 260 2844 bello
271 2793 325 2844 wie
335 2796 365 2855 V,
378 2799 403 2860 A,
418 2797 439 2846 Ι.
664 2805 713 2848 net
728 2790 893 2863 gewiihren’,
911 2793 1057 2864 eigentlicb
1076 2795 1136 2846 eine
1146 2795 1199 2847 Se-

110 2863 176 2931 pori
202 2863 369 2932 diligentia,
407 2879 465 2914 evas
493 2862 539 2914 fiir
568 2864 613 2915 ein
665 2865 925 2932 natsversemrnlnng
951 2864 1118 2935 bewilligen,
1155 2882 1197 2918 um

77 2932 211 2985 Ablativi
665 2936 743 2989 dorin
754 2943 840 2987 etwas
850 2943 999 3004 vortrogen
1009 2952 1042 2987 zu
1052 2936 1168 2988 konnen.

109 3003 176 3071 pori
185 3021 218 3054 ce
228 3019 249 3054 s.
261 3018 295 3053 zu
304 3003 372 3061 XlV,
383 3002 408 3062 3,
420 3002 445 3052 b.
700 3005 865 3057 Antiochum
875 3021 896 3056 s.
907 3020 941 3055 zu
951 3010 975 3066 2,
990 3006 1014 3056 l.

113 3080 183 3125 rouel
200 3071 253 3122 wie
273 3075 329 3133 Vll,
351 3070 391 3135 10,
410 3070 511 3135 osuit.
528 3098 562 3107 -
582 3076 614 3121 ul
700 3081 726 3128 7.
737 3077 809 3127 bono
817 3072 997 3141 publicarunt
1006 3071 1058 3122 wie
1069 3073 1122 3132 VH,
1134 3076 1158 3135 4,
1169 3071 1195 3125 5.

76 3141 178 3211 gohdrt
202 3142 271 3193 euch
299 3156 332 3192 zu
349 3140 398 3190 sed
416 3140 499 3190 etiam
517 3155 614 3206 super·
700 3162 717 3195 a
720 3144 918 3212 fundamentis
927 3142 980 3193 wie
990 3143 1047 3206 XX,
1059 3143 1084 3209 3,
1095 3143 1119 3191 3.

78 3219 156 3276 suet,
174 3228 218 3263 wo
236 3212 272 3263 im
295 3210 329 3264 D.
351 3210 400 3261 des
422 3209 614 3261 unbestirumte
699 3215 863 3267 iudicarunt
880 3214 933 3264 wie
951 3213 996 3277 tx,
1014 3215 1040 3277 A,
1060 3211 1072 3260 i
1089 3215 1120 3261 ut
1134 3208 1197 3261 Τί..

80 3280 161 3336 Pron.
180 3275 315 3332 ‘welches’
335 3279 545 3330 hinzuzusetzen
568 3279 614 3333 ist.
664 3278 1092 3353 saphernenrhostemiudiearit,

78 3350 184 3420 Wegen
194 3349 245 3403 der
254 3349 378 3417 Stellung
387 3366 440 3400 von
450 3355 483 3399 ut
492 3363 550 3403 s.zu
559 3351 613 3414 2,2.

114 3438 149 3473 car
164 3421 290 3488 foedere,
310 3435 338 3471 es
358 3420 395 3470 ist
408 3417 616 3470 derFriedens-
699 3421 740 3483 8,
762 3422 787 3474 Ι.
806 3428 951 3490 postquam
971 3447 1005 3456 —
1030 3422 1198 3487 profugerat

79 3498 194 3558 vortrng
211 3488 615 3558 gemeint.-peeuniompen·
664 3507 687 3542 s.
698 3507 730 3542 zu
740 3493 765 3556 7,
775 3495 801 3543 A.
821 3521 852 3529 -
871 3488 1153 3558 Africumcceeesits.
1166 3504 1199 3538 zu

79 3561 154 3623 dere,
173 3560 262 3612 soviel
279 3558 332 3610 wie
348 3576 408 3627 pao.
427 3558 544 3620 solvere3
574 3562 613 3609 ei·
665 3563 697 3625 ΙΙ,
716 3565 743 3627 4,
766 3564 778 3613 Ι
798 3560 906 3614 Xerses
930 3559 1058 3629 protinus
1083 3557 1197 3610 accessit

79 3628 225 3699 gentliohi
251 3628 302 3680 Die
311 3628 494 3695 conjunctive
511 3629 615 3695 pende·
667 3637 739 3682 cetu.

77 3706 157 3753 retur
192 3727 226 3739 -
260 3705 440 3784 reponeretur
467 3697 615 3750 bezeicbno
700 3699 726 3751 si
742 3693 809 3763 ‘ob'3
831 3697 1011 3750 unterdriiokt
1028 3697 1066 3749 ist
1084 3696 1195 3748 vorhert

78 3765 309 3822 durcb‘kb'nnen.
665 3768 920 3821 nrnzuversuchen.

114 3841 142 3893 θ.
159 3846 239 3891 ratus
257 3838 315 3890 lb'so
334 3836 545 3889 elsCausolsatz
557 3836 614 3887 suf.
700 3838 832 3890 Antiochi
850 3835 982 3890 verbinde
1005 3835 1138 3903 elegenit.
1149 3836 1198 3885 ob-

79 3906 139 3961 Hirr
156 3907 201 3960 die
220 3905 438 3960 febleudel'lorm
457 3905 615 3973 despertio.
661 3909 783 3975 jectivus
793 3906 841 3959 ruit
849 3924 896 3974 spo
900 3905 1071 3975 fiduciaque.

78 3978 153 4047 pori.
173 3983 228 4030 oct.
248 3977 345 4029 dienen
363 3977 391 4029 in
409 3976 498 4028 vielen
519 3975 615 4027 Fttten
701 3983 727 4030 2.
737 3977 832 4029 eudem
842 3993 898 4044 qua
909 3975 1053 4027 ribersetze
1063 3975 1131 4026 nach
1141 3977 1196 4041 vti,

79 4046 126 4101 dte
147 4046 295 4116 participia
318 4046 436 4115 perlecti
457 4045 507 4097 der
528 4044 616 4115 depo·
666 4049 692 4114 5,
718 4050 734 4100 3
762 4054 828 4099 erot'
848 4047 941 4098 eodem
967 4061 1021 4112 quo
1041 4044 1200 4098 Alcibiades

78 4118 174 4171 nentia
191 4117 245 4169 und
265 4116 315 4168 der
332 4122 429 4169 neutra
447 4115 616 4187 pessirazur
664 4132 757 4171 sensu.

77 4186 214 4240 Ansbilie.
248 4185 349 4254 Hinige
374 4186 466 4238 dieser
484 4192 556 4254 part.
572 4186 614 4254 pf.
702 4185 944 4256 desperatiorebus
952 4184 1006 4238 wie
1016 4189 1084 4249 XlV,
1096 4189 1120 4250 6,
1131 4188 1200 4238 3.-

79 4257 171 4310 bubon
186 4256 437 4309 nicbtseltenauoh
452 4255 616 4308 dieBedeu-
667 4256 836 4310 relucentis
855 4255 1013 4323 dedissent,
1031 4257 1066 4308 im
1085 4256 1119 4307 D.
1140 4252 1199 4304 ein

76 4336 148 4395 tnug
156 4327 205 4381 des
216 4333 289 4396 part.
300 4325 615 4395 praes.,nementl.crbi-
665 4327 756 4380 Wort.

81 4402 185 4464 troium
203 4403 293 4458 retus,
309 4412 385 4463 usus,
405 4396 519 4464 ueritus,
531 4399 614 4466 fisus,
701 4395 833 4448 memorio
851 4397 904 4448 wie
921 4398 964 4462 Ill,
983 4401 1008 4460 Ι,
1028 4390 1201 4445 Ηιιίιιείπι-

76 4467 226 4537 (confisus,
238 4466 479 4535 diffisus)soliius.
662 4466 735 4535 perii
742 4467 882 4541 nsemoriq.
