2744 5056
43 39 985 223 u

96 226 100 233 ι

340 242 343 249 ι

474 646 533 701 XX.
551 644 738 703 ultroneos
756 644 833 707 CAP.
852 653 876 704 s

1172 630 1232 698 133

115 820 229 884 claram
244 821 400 882 victoriam
416 819 558 891 ducebat,
573 822 605 882 in
621 839 678 899 qua
693 821 761 902 plns
776 829 856 884 esset
870 821 1044 885 clementiae
1060 837 1147 899 quam
1164 838 1231 881 cru·

115 905 260 974 delitatis;
281 912 449 986 postremo,
471 914 583 968 utnon
604 907 699 967 solum
716 905 839 968 auribus
855 907 1055 986 acciperetur,
1077 905 1231 967 sedetiam

114 989 214 1052 oculis
229 999 417 1063 cerneretur,
433 1007 522 1068 quem
538 997 617 1052 etex
633 999 743 1069 quanto
758 1007 851 1068 regno
868 990 904 1053 ad
921 1008 1008 1069 quam
1019 990 1168 1052 fortunam
1181 989 1231 1052 de·

117 1074 244 1137 tulisset.
273 1074 343 1136 Post
357 1075 491 1155 Dionysii
507 1075 660 1137 decessum
677 1093 744 1138 cum
759 1076 862 1137 Hiceta
878 1075 1010 1146 bellavit,
1028 1075 1079 1153 qui
1092 1073 1230 1136 adversa·
1248 1081 1266 1137 3

118 1168 168 1222 tus
183 1158 410 1239 eratbionysio;
427 1176 515 1238 quem
531 1177 593 1221 non
609 1160 677 1222 odio
693 1160 857 1240 tyrannidis
874 1161 1064 1229 dissensisse,
1080 1158 1132 1221 sed
1149 1161 1231 1239 cupi·

121 1245 210 1306 ditate
224 1243 334 1305 indicio
349 1243 419 1315 luit,
441 1243 521 1322 quod
537 1246 601 1324 ipse
616 1244 740 1325 expulso
755 1244 895 1325 Dionysio
910 1246 1067 1325 imperium
1084 1244 1232 1307 dimittere

119 1328 223 1394 noluit.
252 1327 315 1390 lico
335 1336 475 1408 superato
495 1328 649 1391 Timoleon
670 1330 812 1392 maximas
827 1331 928 1409 copias
943 1329 1231 1407 Carthaginiensium
1248 1340 1266 1390 4

116 1412 198 1492 apud
220 1412 383 1475 Crinissum
403 1412 515 1476 flumen
536 1414 645 1492 fugavit
664 1431 700 1476 ac
720 1414 791 1475 satis
810 1414 925 1477 hahere
947 1415 1060 1492 coegit,
1082 1415 1107 1474 si
1129 1412 1232 1475 liceret
1244 1426 1281 1469 sn

116 1497 246 1558 Africam
269 1496 421 1568 obtinere,
443 1499 494 1577 qui
508 1500 569 1561 iam
584 1497 754 1578 complures
769 1517 863 1562 annos
878 1500 1097 1578 possessionem
1113 1497 1230 1559 Siciliae

114 1580 265 1643 tenebant.
290 1580 376 1662 Cepit
387 1583 475 1645 etiam
487 1583 682 1654 Mamercum,
698 1583 831 1646 italicum
844 1584 965 1654 ducem,
980 1583 1133 1644 bominem
1144 1581 1229 1644 belli·

112 1683 219 1727 cosum
235 1675 264 1727 et
277 1674 445 1746 potentem,
462 1669 513 1746 qui
529 1675 671 1747 tyrannos
686 1668 817 1730 adiutum
833 1670 862 1730 in
879 1668 1011 1730 Siciliam
1026 1674 1155 1734 venerat.
1244 1680 1282 1725 sav

201 1749 232 1812 3.
250 1746 364 1820 Quibus
379 1751 470 1814 rebus
486 1752 628 1813 coniectis
641 1770 708 1813 oum
721 1761 844 1833 propter
856 1753 1078 1815 diuturnitatem
1089 1750 1159 1814 belli
1171 1769 1231 1812 non

114 1833 212 1897 solum
234 1838 374 1915 regiones
391 1837 545 1899 sedetiam
562 1837 653 1900 urbes
669 1840 800 1899 desertas
815 1837 942 1915 videret,
965 1838 1141 1916 conquisivit
1157 1853 1231 1915 quos

114 1923 227 1998 potuit,
243 1922 373 1999 primum
388 1920 520 1990 Siculum
537 1921 605 1983 dein
620 1922 760 1984 Corintho
777 1922 930 1984 arcessivit
944 1921 1081 1991 colonos,
1097 1920 1177 2001 quod
1193 1919 1230 1981 ab

112 2003 162 2065 his
176 2005 261 2065 initio
274 2006 436 2085 Syracusae
452 2015 537 2068 erant
552 2006 698 2068 conditae.
729 2005 847 2068 Civibus
862 2005 1013 2068 veteribus
1027 2023 1080 2066 sua
1092 2006 1230 2081 restituit,
1247 2015 1265 2067 2

66 2142 72 2147 .
113 2088 199 2150 novis
210 2087 291 2151 bello
303 2091 488 2152 vacuefactas
500 2093 704 2170 possessiones
716 2090 829 2162 divisit,
845 2091 966 2152 urbium
979 2091 1096 2153 moenia
1108 2091 1230 2153 disiecta

113 2171 244 2251 lanaque
256 2174 373 2237 deserta
386 2176 506 2252 reiecit,
523 2175 691 2237 civitatibus
702 2175 783 2256 leges
793 2175 1022 2257 libertatemque
1035 2175 1178 2243 reddidit;
1195 2193 1231 2237 ex

114 2259 244 2319 maximo
259 2257 338 2321 bello
355 2267 467 2322 tantum
484 2261 575 2321 otium
592 2269 670 2322 totae
685 2261 800 2323 insulae
816 2260 999 2338 conciliavit,
1016 2267 1049 2322 ut
1064 2261 1113 2321 hio
1129 2259 1230 2321 condi-

111 2349 160 2407 tor
181 2341 300 2403 urbium
323 2362 440 2415 earum,
463 2362 523 2406 non
539 2345 580 2406 illi
597 2348 647 2424 qui
662 2347 745 2407 initio
762 2345 959 2416 deduxerant,
983 2346 1145 2407 videretur.
1174 2347 1264 2407 etr-³

110 2578 175 2650 ‘vor‘
182 2562 283 2618 diesem
293 2578 378 2619 natae
390 2561 558 2615 wiederhole
567 2563 602 2615 im
611 2564 646 2616 D.

122 2628 282 2773 '¹3²5an
311 2709 356 2763 ut,
375 2701 424 2754 der
442 2700 645 2762 dritteGrund,

696 2560 1231 2626 illo:odoersnsillumsensa'sseX,7,l.

731 2651 837 2704 indicio
849 2650 922 2720 fuit,
948 2666 1006 2703 vves
1023 2650 1061 2702 ist
1078 2649 1112 2701 im
1131 2649 1163 2702 b.
1180 2662 1231 2698 vor

696 2722 792 2775 diesen
803 2721 918 2774 Worten
927 2719 1148 2788 hinzuzuifigenl
1164 2735 1185 2769 s.
1197 2731 1231 2769 nu

110 2743 646 2840 weshelberdenliionysniohttddtete.
694 2788 1232 2861 111&nuyyummoefflmmdycym

147 2860 226 2912 quent
235 2850 262 2897 et
270 2861 305 2897 eae
312 2849 412 2912 quanm
421 2859 510 2913 regno
521 2843 558 2895 cd
564 2859 646 2911 quom

106 2916 270 2980 sorditatam,
287 2914 349 2967 eino
356 2912 391 2965 im
401 2914 435 2966 D.
445 2915 553 2965 schwer
563 2912 647 2965 nach-

112 2983 279 3037 zuahnrende
302 2981 481 3053 Verbindung
507 2983 648 3035 mehrerer

111 3052 283 3123 Fregesitne
301 3068 334 3107 nu
355 3053 456 3120 einem,
472 3052 526 3106 wie
535 3050 611 3119 XIV,
621 3053 646 3118 b,

111 3122 331 3186 trentntseens,
357 3142 374 3176 a
398 3130 502 3192 quanto
520 3123 590 3175 bello
610 3123 648 3173 od

109 3193 647 3284 quampmomsemprinca'pemduounr

112 3262 241 3318 misisset.
248 3262 369 3318 Uebers.
394 3282 428 3317 zu
438 3281 495 3316 was
505 3263 551 3316 [ῆι
561 3262 645 3316 einem

110 3332 256 3387 Schichel
281 3351 312 3386 er
335 3336 412 3388 einen
430 3333 542 3387 solchen
564 3332 647 3385 Manu

110 3419 162 3455 eus
180 3402 301 3457 sidereo
317 3405 468 3495 michtiyen
483 3403 649 3456 Herrschait

109 3472 326 3543 berabgesttirzt
344 3475 438 3540 bitte,
467 3491 488 3526 a.
507 3490 541 3526 zu
559 3470 646 3533 XXV,

110 3544 154 3603 is,
164 3544 191 3596 3.

144 3613 171 3667 3.
192 3612 339 3675 decessum,
350 3613 428 3666 ndml.
439 3631 487 3667 aus
497 3613 619 3666 Sicilien.

145 3681 263 3737 Hicetas
281 3701 340 3736 wer
356 3685 383 3737 T
403 3701 469 3737 rann
487 3701 540 3736 von
555 3684 647 3736 Leon-

109 3751 162 3805 tini
173 3752 201 3805 ln
211 3752 323 3807 Sicilien
339 3702 452 3807 uanor
467 3753 516 3807 der
525 3753 646 3806 Ankunlt

109 3821 161 3875 (les
177 3822 278 3877 Timol.
299 3839 351 3875 von
369 3824 421 3876 den
438 3824 646 3891 Syracusanern

108 3908 201 3963 gegen
217 3892 365 3961 Dionysius
384 3911 418 3947 zu
437 3893 512 3947 Hille
530 3894 644 3962 gerulen

109 3962 235 4017 worden.
268 3963 357 4017 Allein
381 3982 412 4016 er
435 3965 541 4017 strebte
559 3963 645 4016 solbet

68 4028 72 4033 ’
108 4032 180 4086 nacla
200 4032 251 4085 der
267 4033 435 4088 Herrschelt
451 4051 505 4086 ron
523 4034 644 4102 syracus

107 4101 165 4155 und
183 4101 306 4156 verband
326 4103 383 4157 sich
402 4104 515 4158 desbelb
530 4103 579 4156 mit
591 4103 643 4155 den

107 4171 294 4243 Karthngern.

144 4238 623 4313 quemkndpleimD.mit‘eber’en.

143 4314 304 4383 tyrannidis
321 4314 421 4383 gebiirt
438 4317 506 4368 auch
522 4331 556 4366 nu
567 4313 643 4382 cupi·

107 4380 207 4451 atnoe,
234 4384 301 4456 tdge
328 4384 414 4437 deber
440 4401 475 4436 zu
501 4387 643 4438 letaterem

104 4446 257 4509 ‘damacb’.
276 4485 308 4496 -
328 4455 495 4522 dissensisse,
514 4454 643 4508 nimici

731 2885 761 2934 4.
779 2879 917 2933 monimus
932 2878 1025 2948 coptos
1045 2896 1069 2931 a.
1083 2894 1116 2932 zu
1127 2872 1229 2938 XVIII,

698 2951 723 3016 3,
744 2951 769 3004 3.
780 2949 892 3002 -suit's
911 2948 1011 3002 babere
1029 2948 1083 3001 wls
1099 2947 1160 3010 XV,
1178 2945 1232 3012 8,4

698 3018 912 3072 Lacedaemonii
945 3019 1014 3071 sutis
1039 3019 1178 3078 baberent,
1206 3013 1231 3065 si

699 3090 770 3142 sulci
794 3106 851 3141 esse
870 3096 989 3158 possent.
1033 3087 1101 3140 Was
1121 3087 1160 3138 ist
1179 3099 1231 3134 vor

697 3160 746 3228 qui
754 3158 962 3229 weggelesseni
983 3176 1005 3211 s.
1015 3172 1049 3208 zu
1059 3157 1093 3224 X,
1103 3154 1129 3221 8,
1140 3162 1156 3210 4
1166 3168 1232 3206 eon·

695 3229 822 3297 veniunt,
833 3229 920 3283 cuius.

732 3367 822 3431 3,1.
848 3366 914 3419 dein
950 3382 973 3422 s.
997 3382 1030 3418 zu
1051 3365 1078 3432 1,
1099 3370 1125 3433 5,
1147 3369 1172 3421 3.
1197 3398 1226 3408 -

697 3438 827 3508 regiones
855 3432 1119 3490 ‘Linderstrecken'.
1144 3468 1171 3479 -
1195 3440 1229 3490 ob

697 3508 750 3575 bis,
770 3509 819 3560 aui
825 3523 886 3559 vren
897 3523 931 3559 zu
940 3506 1094 3559 beaieheni
1115 3524 1136 3560 a,
1149 3524 1183 3560 zu
1194 3509 1229 3561 iis

698 3578 766 3631 nach
776 3579 922 3647 Corcyram
932 3576 969 3645 II,
979 3575 1005 3642 8,
1017 3581 1043 3633 3.
1280 3582 1284 3591 “

717 3668 756 3718 ’2.
774 3667 892 3731 deserte,
909 3664 987 3720 neiml.
1006 3664 1033 3715 in
1053 3663 1138 3734 Folge
1155 3665 1229 3718 ihrer

696 3734 845 3804 Verddung
853 3752 945 3787 weron
957 3735 997 3787 sie
1006 3735 1149 3787 veriallen.

732 3840 766 3874 en
785 3821 1017 3874 bezeichnetbier
1026 3820 1078 3873 den
1090 3820 1229 3874 unmittel-

695 3893 779 3944 baren
804 3892 971 3961 Uebergang
990 3906 1038 3943 aus
1059 3890 1119 3944 dem
1139 3891 1227 3946 Einen

695 3961 723 4014 in
734 3962 783 4015 des
793 3962 916 4016 Ardere:
927 3957 1111 4015 ‘unmittelbar
1120 3957 1207 4016 nech’.

731 4032 816 4084 otium
842 4033 876 4084 lm
896 4032 1054 4101 Gegensatn
1073 4049 1108 4085 zu
1129 4032 1228 4086 belluni

695 4102 775 4156 stnnd
794 4103 861 4155 auch
875 4102 934 4170 XV,
944 4104 969 4168 b,
979 4102 1005 4154 3.
1023 4130 1057 4140 -
1075 4110 1151 4163 totae
1160 4122 1182 4156 s.
1193 4120 1227 4156 nu

694 4173 799 4226 aberae
807 4171 909 4238 XVIII,
922 4175 945 4240 i,
955 4174 981 4228 6.

730 4245 908 4297 deducerunt
941 4236 1079 4311 ‘angelegt
1113 4238 1226 4294 betten'.

693 4313 759 4366 Dies
769 4313 819 4366 der
848 4312 1016 4366 ewdbnliche
1026 4311 1226 4365 Ausdruclrvon

694 4382 744 4436 der
761 4384 937 4451 Auelubrung
955 4381 1170 4448 undGrfindung
1187 4378 1226 4431 ei·

692 4470 742 4505 ner
752 4453 875 4507 Colonie.
