2744 5056
180 734 240 799 122
518 745 618 802 XVIII.
637 745 812 800 EUMENES
831 744 908 806 CAP.
927 754 952 802 9.

176 932 298 1003 pserant
321 940 379 982 non
402 922 438 982 ad
453 938 540 984 usurn
561 919 632 982 belli
648 921 700 981 sed
715 921 751 981 ad
767 922 902 1000 ipsorum
917 920 1063 981 luxuriam
1079 922 1229 1000 longeque
1244 925 1296 984 in·

142 1021 160 1070 4
178 1017 225 1071 ter
246 1027 279 1069 se
294 1007 501 1068 discesserant.
534 1006 597 1067 lloo
613 1006 778 1083 Antigonus
794 1023 861 1066 cum
877 1006 1072 1085 comperisset
1090 1005 1297 1083 intellegeret-

177 1113 235 1173 que
257 1111 289 1154 se
311 1109 414 1170 parem
430 1109 490 1151 non
506 1109 572 1152 esse
584 1093 694 1169 paratis
706 1091 899 1166 adversariis,
915 1092 1017 1152 statuit
1028 1089 1139 1168 aliquid
1151 1090 1209 1152 sibi
1220 1111 1296 1153 con·

177 1178 235 1238 silii
254 1179 323 1238 novi
344 1196 409 1238 csse
425 1175 613 1255 capiendum.
643 1176 724 1236 Duae
743 1182 827 1236 erant
841 1177 913 1244 viae,
930 1192 987 1252 qua
1004 1194 1040 1237 ex
1055 1175 1157 1246 Medis,
1176 1176 1228 1238 ubi
1241 1176 1296 1239 ille

143 1262 341 1331 thiemabat,
364 1258 402 1323 ad
428 1261 666 1322 adversariorum
688 1259 880 1321 hibernacula
903 1268 1002 1339 posset
1023 1262 1181 1339 perveniri.
1213 1259 1296 1331 Qua·

177 1366 243 1409 rum
264 1347 383 1407 brevior
399 1364 452 1425 per
471 1345 536 1406 loca
554 1347 680 1422 deserta,
696 1362 772 1422 quae
787 1362 875 1405 nemo
893 1344 1043 1407 incolebat
1057 1353 1181 1425 propter
1197 1365 1295 1426 aquae

176 1435 323 1512 inopiam,
345 1440 476 1492 ceterum
498 1430 613 1490 diorum
630 1436 695 1490 erat
705 1429 769 1490 lere
785 1428 906 1497 decem;
924 1428 973 1490 illa
989 1438 1098 1499 autem,
1114 1448 1171 1510 qua
1186 1449 1296 1493 omnes

176 1516 398 1585 commeabant,
421 1514 514 1575 altero
534 1522 615 1575 tanto
637 1514 803 1592 longiorem
818 1512 949 1575 babebat
964 1514 1143 1584 anfractum,
1159 1516 1212 1576 sed
1228 1526 1297 1576 erat

141 1612 159 1665 t
176 1605 296 1681 copioso
312 1602 505 1676 omniumque
521 1616 621 1659 rerum
638 1597 802 1659 abundans.
830 1599 892 1659 Hac
907 1601 932 1658 si
944 1600 1191 1677 proficisceretur,
1203 1600 1295 1661 intel·

176 1686 294 1764 legebat
309 1686 392 1764 prius
407 1683 592 1743 adversarios
603 1685 767 1744 rescituros
782 1684 819 1744 de
834 1701 888 1744 suo
901 1684 1037 1760 adventu,
1053 1701 1141 1763 quam
1155 1686 1219 1762 ipse
1231 1693 1294 1745 ter·

176 1773 245 1831 tiam
267 1780 382 1848 partem
404 1769 580 1829 coniecisset
600 1768 731 1836 itineris;
762 1769 808 1828 sin
835 1786 890 1846 per
916 1768 981 1829 loca
1003 1767 1065 1829 sola
1086 1769 1293 1840 contenderet,

142 1867 159 1915 7
176 1854 314 1934 sperabat
328 1873 361 1914 se
375 1853 593 1931 imprudentem
610 1853 724 1914 hostem
741 1855 966 1931 oppressurum.
996 1853 1038 1913 Ad
1054 1853 1130 1913 hanc
1142 1871 1207 1914 rem
1220 1872 1293 1914 oon-

177 1939 333 2000 licieudam
348 1939 503 2016 imperavit
519 1955 608 2015 quam
623 1938 767 2017 plurimos
782 1945 863 1998 utres
879 1946 967 2016 atque
983 1940 1070 1998 etiam
1083 1936 1195 1999 culleos
1210 1956 1295 1999 com·

176 2027 286 2104 parari,
303 2023 459 2102 posthaec
474 2022 631 2101 pabulum,
647 2030 802 2101 praeterea
819 2021 931 2083 cibaria
946 2031 1029 2083 cocta
1046 2022 1161 2083 dierum
1177 2023 1293 2093 decem,

176 2117 208 2171 ut
229 2126 317 2188 quarn
338 2108 459 2168 minime
478 2108 563 2168 deret
588 2108 667 2185 ignis
688 2108 718 2166 in
739 2108 857 2167 castris.
886 2105 945 2168 lter
966 2125 1024 2187 quo
1046 2105 1168 2177 habeat,
1193 2109 1295 2170 omnis

177 2194 262 2255 celat.
291 2193 339 2252 Sic
355 2199 485 2270 paratus,
500 2209 557 2270 qua
574 2193 776 2257 constituerat,
791 2192 998 2270 proficiscitur.

262 2277 291 2338 9.
315 2275 476 2336 Dimidium
492 2276 555 2336 iere
567 2279 695 2354 spatium
708 2277 888 2345 coniecerat,
902 2294 969 2337 curn
982 2294 1018 2336 ex
1029 2276 1110 2337 fumo
1123 2284 1292 2337 castrorum

178 2363 239 2424 eius
261 2361 391 2438 suspicio
412 2359 498 2421 allata
514 2368 558 2421 est
574 2359 610 2422 ad
625 2360 788 2422 Eumenem
804 2360 920 2422 bostem
935 2363 1184 2440 appropinquare.
1214 2361 1292 2423 Con-

176 2448 297 2508 veniunt
312 2446 416 2505 duces:
433 2447 596 2523 quaeritur,
614 2444 685 2521 quid
702 2463 775 2525 opus
793 2447 831 2505 sit
845 2446 934 2506 lacto.
960 2445 1176 2522 intellegebant
1186 2464 1293 2508 omnes

176 2541 236 2592 tam
257 2528 394 2591 celeriter
415 2532 516 2608 copias
531 2532 664 2608 ipsorum
681 2529 817 2590 contrabi
833 2548 893 2590 non
910 2533 1006 2609 posse,
1024 2547 1110 2607 quam
1127 2532 1293 2607 Antigonus

142 2628 159 2677 a
178 2616 334 2677 adiuturus
351 2612 512 2675 videbatur.
545 2615 600 2674 llic
616 2613 754 2676 omnibus
766 2614 963 2677 titubantibus
979 2615 1055 2675 etde
1066 2614 1157 2675 rebus
1168 2619 1293 2678 summis

176 2699 401 2779 desperantibus
418 2699 567 2760 Eumenes
583 2701 634 2774 ait,
649 2701 674 2759 si
691 2699 870 2760 celeritatem
888 2701 977 2761 velint
992 2698 1134 2760 adbibere
1151 2708 1180 2761 et
1194 2702 1291 2779 impe·

176 2794 237 2846 rata
261 2785 375 2855 lacere,
398 2784 476 2861 quod
499 2791 566 2844 ante
588 2801 648 2843 non
669 2783 809 2861 iecerint,
832 2802 948 2845 serem
971 2783 1187 2862 expediturum.
1216 2784 1292 2849 Nam

211 2953 248 3003 od
265 2968 345 3002 usuro
365 2951 429 3002 belli
447 2952 499 3020 vgl.
519 2951 578 3013 XV,
599 2957 624 3018 2,
644 2955 709 3006 dod
794 2954 854 3004 oola
872 2950 1016 3007 ‘einsame'.
1040 2985 1068 2994 -
1095 2957 1293 3024 imprudentem

176 3028 298 3072 noctram
308 3022 542 3073 consuetudinem.
564 3021 635 3075 Uene
644 3024 708 3075 belli
759 3023 811 3075 wie
824 3023 896 3084 XIV,
907 3027 932 3089 4,
942 3027 959 3078 3
968 3020 1167 3078 “ιιιιιέιιιιει1ιι’.

175 3092 234 3144 hier
255 3091 330 3143 nicbt
352 3092 405 3143 wie
424 3095 448 3154 3,
470 3093 495 3156 3,
515 3093 632 3145 sondern
650 3087 709 3146 ‘der
795 3100 820 3146 7.
840 3093 922 3145 cullei
939 3090 1058 3148 ‘lederue
1069 3092 1167 3148 Sdoke’
1177 3097 1291 3150 worden

175 3157 432 3230 Kriegsgebraucb',
451 3160 581 3215 welchem
599 3180 629 3214 so
642 3165 709 3215 weit
759 3163 930 3232 gewdbulich
945 3165 1087 3217 nichtzum
1097 3167 1292 3221 Fortschoffen

175 3231 561 3295 aeretreuteQnartiereuiobt
569 3251 708 3303 angemes-
758 3249 811 3284 von
821 3233 935 3286 Wesser
944 3237 1104 3322 gebraucht,
1114 3237 1201 3291 daber
1210 3245 1295 3306 utque

175 3320 222 3355 sen
250 3319 350 3354 waren.
408 3302 460 3353 Die
485 3302 589 3372 Folgen
618 3304 707 3356 dieses
758 3299 987 3372 etiamfsogar).

200 3370 288 3423 eblers
299 3389 320 3426 s.
331 3373 356 3438 9,
370 3374 392 3424 l.
404 3402 436 3411 -—
447 3373 590 3425 luxuriam
603 3368 709 3426 ‘wohr-
792 3381 854 3443 poet
865 3375 933 3426 boec
941 3396 968 3421 =
979 3375 1086 3430 deinde.

175 3441 273 3497 leben'.
794 3462 877 3511 quarn
885 3444 993 3497 minime
1004 3464 1024 3497 s.
1037 3463 1070 3497 nu
1079 3446 1116 3511 Il,
1126 3444 1153 3511 6,
1164 3449 1189 3497 4.

208 3516 234 3563 4.
243 3527 337 3577 parem
346 3527 403 3561 ecoe
417 3510 470 3560 wie
479 3510 515 3573 Il,
524 3514 550 3575 4,
560 3513 586 3560 2.
792 3520 843 3567 iter
852 3515 952 3566 babere
963 3516 1054 3582 aliquo
1064 3509 1169 3568 ‘seinen
1178 3515 1289 3568 Murecb

210 3579 318 3647 aliquid
327 3579 437 3630 consilii
447 3579 512 3631 noui
518 3576 708 3647 (‘ungewdbn·
759 3581 858 3636 ‘wobin
868 3580 993 3636 ricbten'.

175 3645 251 3714 liob’)
262 3650 315 3717 vgl.
327 3665 427 3701 caueae
436 3649 502 3717 quid
512 3650 559 3711 lV,
570 3655 595 3710 4,
606 3652 632 3705 5.

209 3719 309 3772 statuit
327 3749 362 3759 ··-
381 3736 438 3771 eece
456 3720 621 3789 capiendum
639 3738 662 3772 s.
673 3737 708 3773 zu
793 3721 832 3783 0,
853 3723 875 3774 l.
896 3714 1219 3790 exsumo‘inFolge-'.
1236 3723 1292 3775 Um

174 3790 234 3855 Vll,
248 3791 288 3853 10,
301 3790 469 3842 tototnit—
479 3791 629 3860 agendum.
758 3789 817 3842 sich
835 3789 914 3842 ndml.
933 3808 968 3844 zu
986 3792 1119 3856 wdrmen,
1136 3792 1232 3844 butten
1247 3792 1296 3844 die

210 3877 264 3927 quo
283 3860 335 3911 wie
349 3860 706 3929 l,3‚1quooopiortradu-
757 3859 891 3913 Soldoten
921 3846 981 3913 de?
991 3862 1141 3930 Antigonus
1168 3861 1295 3915 dennocb

175 3938 254 3982 neret.
299 3930 411 3981 Ebenso
442 3936 457 3996 5
485 3932 508 3983 7.
546 3932 601 3984 Der
625 3933 705 3998 Gonj.
757 3929 1039 3998 Fenerongeziiudet.

172 4006 263 4068 posset
273 4000 325 4051 wie
336 3999 361 4050 in
373 4005 417 4051 cui
426 4000 580 4052 crederetur
592 4002 612 4062 l,
623 4005 648 4063 3,
660 4003 685 4051 2.
792 4001 880 4052 allato
890 4008 930 4052 eet
950 4001 1096 4053 iibersetze
1107 4001 1174 4052 noch
1192 4002 1220 4068 1,
1231 4002 1260 4060 3,

208 4073 233 4122 b.
260 4067 301 4120 Ζιι
326 4087 374 4138 per
396 4071 457 4122 loca
478 4070 585 4123 deserta
605 4070 706 4140 gehdrt
757 4088 817 4122 cum
826 4071 914 4122 crebri
923 4073 1055 4139 offerrent
1064 4070 1167 4126 nuntii,

175 4140 242 4191 oucb
262 4138 346 4191 echon
365 4143 592 4194 erat-dierum
604 4143 704 4205 decem,
785 4139 1298 4207 facto,stettdeslnfin.stebtzuwei-

173 4226 236 4278 gen.
246 4209 341 4280 qualit.
757 4211 802 4262 len
822 4210 866 4262 bei
876 4227 944 4279 opus
958 4219 998 4263 aot
1016 4211 1065 4264 der
1076 4211 1136 4263 Abl.
1151 4210 1200 4262 des
1216 4216 1295 4279 part.

209 4280 295 4331 altero
315 4287 394 4332 tanto
412 4276 464 4332 ‘unt
474 4279 517 4333 ein
529 4281 642 4332 aweitee
655 4281 708 4331 So.
758 4282 832 4349 perf.
842 4298 916 4349 poss.

173 4343 709 4440 riel’dziffnooboinmnlsolenp'eoo.
793 4355 818 4405 2.
847 4352 879 4402 de
903 4351 982 4402 rebus
1009 4349 1120 4436 sumptio
1147 4349 1295 4418 desperare

171 4436 251 4489 proco
280 4421 354 4472 reich
382 4438 416 4473 an
441 4420 619 4483 Vorratben3
648 4430 708 4474 erut
753 4418 840 4473 ‘Alles
850 4421 976 4473 verloren
985 4421 1091 4488 geben.

174 4491 320 4543 mundano
339 4508 360 4545 s.
370 4508 405 4544 zu
415 4497 562 4543 notorem
573 4491 632 4558 XV,
644 4494 668 4557 3,
682 4496 705 4554 1,
792 4508 849 4542 rem
859 4491 987 4559 expedire
1005 4488 1079 4543 ‘eine
1089 4489 1180 4544 Socho
1189 4488 1294 4541 erledi-

208 4558 233 4612 6.
244 4563 367 4614 adventu
378 4562 429 4613 wie
439 4560 474 4627 ll,
483 4562 509 4627 2,
519 4562 559 4619 6.,
757 4561 940 4629 gen,Abbilfe
953 4556 1093 4617 scheffen’.
