2744 5056
175 728 217 793 48
514 740 575 796 VH.
594 739 809 795 ALCIBIADES
828 738 905 798 CAP.
925 747 947 795 6,

125 931 163 972 na
177 916 256 981 dum.
279 915 380 993 ltaque
393 915 429 976 ad
442 914 689 994 Tissaphernem,
705 915 890 995 praelectum
904 915 982 992 regis
994 914 1089 987 Darii,
1106 932 1138 974 se
1151 912 1287 975 cuntulit.

138 1011 155 1062 3
176 1001 264 1062 Cuius
278 1017 347 1059 cum
362 1001 392 1060 in
404 1001 538 1060 intimam
549 1001 708 1061 amicitiam
719 1000 902 1079 pervenisset
915 1007 944 1060 et
955 997 1194 1075 Atheniensium,
1210 999 1288 1060 male

174 1086 264 1163 gestis
285 1087 314 1145 in
338 1083 437 1146 Sicilia
452 1085 559 1158 rebus,
581 1103 653 1164 opes
668 1101 842 1154 senescere,
864 1092 967 1144 eontra
983 1082 1289 1144 Lacedaemoniorum

174 1186 312 1230 erescere
332 1169 458 1239 videret,
481 1169 565 1230 initio
586 1187 654 1230 cum
670 1168 814 1229 Pisandro
828 1177 982 1248 praetore,
1007 1169 1056 1244 qui
1072 1167 1150 1247 apud
1167 1168 1288 1228 Samum

175 1256 337 1315 exercitum
358 1253 502 1323 habebat,
519 1272 573 1333 per
593 1255 797 1316 internuntios
817 1252 998 1331 colloquitur
1018 1261 1048 1312 et
1068 1252 1217 1313 deradito
1233 1270 1289 1312 suu

174 1339 244 1400 iacit
264 1340 454 1401 mentionem.
485 1339 556 1398 Erat
579 1340 658 1400 enim
679 1339 784 1400 eodem
800 1355 858 1416 quo
874 1336 1041 1398 Alcibiades
1056 1354 1161 1406 sensu,
1184 1336 1289 1416 pupuli

140 1424 325 1502 opulentiae
350 1439 410 1483 non
438 1425 551 1484 amicus
578 1433 607 1484 et
631 1425 815 1502 optimatium
838 1423 944 1483 lautor.
989 1421 1032 1482 Ab
1053 1422 1111 1481 huc
1132 1421 1290 1482 destitutus

173 1509 303 1586 primunr
318 1517 372 1587 per
384 1506 615 1586 Thrasybulum,
632 1508 702 1587 Lyci
717 1508 825 1576 lilium,
841 1507 877 1568 ab
894 1508 1026 1568 exercitu
1040 1508 1186 1586 recipitur
1201 1523 1290 1584 prae·

176 1603 281 1670 torque
296 1593 329 1653 tit
343 1593 421 1672 apud
439 1593 574 1660 Samum;
594 1602 677 1670 pust,
696 1593 877 1670 suffragante
891 1593 1093 1660 Theramene,
1109 1589 1290 1669 populiscitu

174 1677 339 1738 restituitur
360 1679 485 1754 parique
507 1676 613 1738 absens
634 1680 762 1756 imperio
786 1677 958 1755 praeficitur
973 1675 1061 1737 simul
1077 1693 1144 1736 cum
1160 1675 1289 1756 Thrasy·

146 1760 250 1823 obulo
272 1769 302 1821 et
321 1760 515 1826 Theramene.
545 1762 658 1823 Horum
679 1765 710 1823 in
732 1764 858 1840 imperio
880 1771 958 1822 tanta
980 1762 1169 1821 commutatio
1185 1778 1289 1821 rerum

174 1845 251 1907 faeta
266 1852 324 1914 est,
342 1856 373 1905 ut
385 1845 624 1924 Lacedaemonii,
642 1849 693 1926 qui
708 1846 796 1926 paulo
813 1856 880 1906 ante
895 1848 1023 1906 victores
1034 1847 1203 1921 viguerant,
1218 1864 1288 1923 per·

174 1931 271 1992 territi
286 1948 389 2008 pacem
405 1940 550 2008 peterent.
581 1933 656 1992 Victi
672 1933 750 1992 enim
765 1939 849 1991 erant
861 1932 991 2011 quinque
1002 1928 1124 2008 proeliis
1136 1931 1288 1991 terrestri-

175 2014 245 2093 bus,
262 2014 357 2075 tribus
368 2014 531 2089 navalibus,
549 2018 579 2075 iu
592 2015 702 2094 quibus
714 2016 857 2076 ducentas
868 2033 957 2076 naves
969 2017 1107 2076 triremes
1117 2015 1286 2093 amiserant,

140 2109 157 2160 6
176 2117 251 2178 quae
267 2108 370 2178 captae
385 2102 415 2159 in
428 2100 557 2161 bostium
569 2108 712 2162 venerant
722 2107 908 2178 potestatem.
937 2098 1105 2161 Alcibiades
1117 2100 1207 2160 simul
1219 2117 1286 2159 eum

175 2182 296 2260 collegis
317 2192 474 2263 receperat
488 2185 617 2254 Ioniam,
639 2182 880 2264 Hellespontum,
902 2184 1008 2245 multas
1024 2192 1179 2262 praeterea
1196 2184 1302 2245 urbes-

175 2270 313 2338 Graeeas,
326 2270 444 2345 quaein
458 2287 511 2328 ura
520 2271 593 2330 sitae
604 2278 674 2330 suut
684 2269 838 2338 Thraciae,
851 2286 975 2346 quarum
989 2277 1195 2348 expugnarant
1206 2287 1288 2329 cum·

174 2353 291 2431 plures,
304 2354 334 2411 in
351 2354 387 2413 iis
399 2353 585 2432 Byzantium,
601 2370 699 2430 neque
714 2355 812 2415 miuus
823 2353 930 2415 multas
942 2355 1066 2415 consiliu
1080 2353 1115 2413 ad
1129 2354 1287 2414 amicitiam

141 2447 157 2495 7
175 2438 379 2506 adiunxerant,
392 2438 470 2517 quod
482 2440 513 2498 in
526 2449 630 2518 captus
642 2438 987 2501 clementiaiuerantusi.
1010 2438 1052 2500 lta
1060 2437 1169 2516 praeda
1178 2439 1288 2513 onusti,

124 2534 162 2577 cos
175 2520 352 2600 locupletato
369 2525 513 2595 exercitu,
530 2521 663 2584 maximis
678 2523 769 2584 rebus
785 2527 892 2601 gestiS,
907 2523 1035 2585 Athenas
1049 2530 1203 2582 venerunt.

260 2605 289 2665 6.
306 2605 358 2667 His
381 2626 446 2668 cum
469 2607 584 2669 obviam
605 2609 743 2669 universa
762 2611 862 2670 civitas
877 2610 908 2669 in
923 2609 1060 2668 Piraeum
1076 2606 1288 2677 descendisset,

175 2698 253 2752 tanta
275 2692 330 2752 luit
350 2695 481 2753 omnium
499 2695 677 2773 exspectatio
693 2694 806 2755 risendi
821 2693 999 2769 Alcibiadis,
1021 2699 1054 2751 ut
1068 2691 1104 2751 ad
1121 2693 1184 2753 eius
1199 2693 1288 2753 trire-

124 2770 157 2832 '2
174 2795 253 2837 mem
273 2776 376 2852 vulgus
399 2777 577 2848 conflueret,
599 2778 725 2858 proinde
747 2798 781 2840 ac
802 2780 827 2839 si
841 2777 921 2839 sulus
937 2778 1111 2838 advenisset.
1144 2777 1193 2838 Sic
1208 2776 1289 2837 enim

174 2859 285 2939 pupulo
309 2869 372 2919 erat
392 2879 581 2938 persuasum,
605 2871 634 2924 et
655 2863 793 2925 adversas
808 2864 980 2941 superiores
993 2868 1167 2940 praesentes
1181 2878 1290 2922 secun·

209 3085 234 3134 3.
252 3096 401 3147 senescere,
424 3079 477 3133 wie
495 3080 530 3132 im
549 3083 705 3149 Gegensatz
758 3088 784 3150 2,
807 3087 830 3135 1.
853 3111 886 3122 -
907 3083 1064 3136 restituitur
1083 3085 1137 3136 wie
1160 3085 1209 3151 111,
1232 3086 1292 3148 1,o

175 3167 208 3202 zu
230 3168 347 3203 crescere
367 3167 400 3202 uu
419 3149 706 3204 iibersetzen‘t-bu-
756 3153 922 3222 populiscitu
949 3154 979 3206 iu
1005 3154 1128 3222 patriam
1146 3155 1291 3206 restitutus

175 3222 412 3273 eudaemoniorum
429 3215 491 3272 ‘die
513 3222 562 3275 der
582 3223 707 3275 Lacedi-
759 3233 807 3277 eat.
834 3252 867 3262 -—
892 3224 956 3292 pari
977 3225 1092 3293 imperio
1120 3224 1173 3276 abl.
1195 3224 1292 3294 qualit.

174 3285 295 3345 monier'.
331 3290 469 3344 Zuweilen
488 3290 573 3362 ltingt
591 3292 633 3344 ein
651 3295 707 3345 Ge·
758 3289 1118 3362 ‘micgteicherssefugniss'.

175 3362 242 3413 nitiv
260 3378 313 3412 run
328 3361 414 3413 ciuem
424 3361 587 3415 Substantia*
595 3365 629 3416 im
640 3380 705 3416 ror·
792 3364 955 3433 praeficitur
973 3359 1013 3416 ‘er
1031 3364 1120 3416 erhilt
1141 3365 1191 3417 dua
1209 3364 1291 3416 Cum-

173 3430 587 3499 bergeheudeuSatzgliedeab.
623 3433 704 3486 ImD.
756 3434 862 3488 maudo.

173 3501 249 3552 steht
266 3500 335 3551 daun
355 3517 388 3552 an
405 3500 455 3553 der
472 3501 559 3554 Stella
578 3503 626 3555 des
645 3520 707 3556 aus·
791 3506 816 3558 5.
838 3504 869 3553 iu
887 3502 1001 3572 imperio
1010 3497 1149 3556 ‘wibrend
1158 3497 1244 3566 —';s.
1256 3518 1291 3554 zu

171 3571 336 3659 pelassuuen
345 3568 521 3624 Substantivs
542 3572 706 3627 derArtikel
757 3574 830 3639 XXI,
843 3575 903 3638 λθ.

184 3639 241 3706 der,
263 3638 318 3701 die,
344 3634 415 3704 das'3
442 3640 476 3692 im
499 3641 560 3697 Lat.
582 3641 706 3712 dagegen
791 3642 943 3711 viguerant
961 3637 1157 3712 ‘degustandam
1177 3635 1291 3708 batten’,

175 3708 285 3762 niemals
297 3709 333 3765 ie.
758 3711 869 3781 eigeud.
885 3728 938 3764 run
949 3713 1128 3777 Gewiicbseu,
1140 3713 1185 3765 die
1193 3712 1222 3764 in
1232 3712 1293 3763 vul·

207 3786 334 3849 praetore
358 3796 380 3834 s.
397 3796 432 3832 zu
450 3781 471 3844 Ι,
491 3785 516 3849 4,
535 3786 561 3837 4.
612 3784 708 3839 Ueber
758 3783 1158 3838 lerKraftundBlfitestebeu.

175 3850 225 3903 das
243 3849 321 3903 Prds.
342 3851 506 3918 colloquitur
525 3870 546 3905 s.
565 3870 599 3905 zu
616 3852 638 3916 l,
654 3859 707 3921 2,4
793 3857 819 3905 6.
829 3854 1037 3923 Hellespontum
1047 3853 1073 3905 d.
1085 3855 1112 3907 h.
1123 3853 1167 3907 die
1177 3855 1290 3921 Gegan-

174 3921 329 3973 reuertitur.
758 3922 864 3975 denam
873 3923 1045 3992 Hellespont.

173 3998 197 4054 ia·
208 3992 301 4043 eodem
320 4005 383 4058 quo,
404 3990 453 4043 dau
464 3991 617 4045 Relatirum
637 3994 705 4046 necb
794 4010 880 4060 neque
898 3994 988 4046 miuus
1007 4011 1030 4047 s.
1048 4008 1083 4045 ιιι
1101 3991 1291 4060 ucpueminor

175 4059 246 4112 idem
256 4061 400 4114 iibersetue
411 4061 495 4114 durch
504 4057 584 4116 ‘wie'.
741 4063 795 4129 ·Il,
815 4063 841 4130 6,
868 4067 891 4116 l.
910 4091 945 4104 —
967 4063 1082 4116 concilio
1103 4064 1158 4116 wie
1178 4063 1292 4115 inuuu-

210 4138 235 4182 et
245 4147 267 4181 u.
278 4147 310 4182 zu
321 4134 347 4198 4,
358 4133 384 4183 3·
757 4134 815 4185 sitii
822 4134 923 4202 plenus
933 4137 957 4198 1,
968 4137 994 4184 2.

210 4199 351 4268 optimates
370 4205 408 4260 (v.
425 4202 565 4270 optimus),
577 4202 622 4254 die
635 4202 704 4255 Vor·
791 4203 936 4255 clementio
948 4207 1070 4269 fuerunt
1082 4201 1128 4255 uui
1140 4218 1162 4253 s.
1172 4217 1208 4254 ιιι
1219 4217 1291 4268 puae

175 4271 287 4322 nebmeu
309 4269 363 4321 und
381 4270 549 4338 Begriterten
570 4272 604 4324 im
624 4271 706 4325 staec
757 4274 883 4326 libertate
891 4289 944 4325 usu
953 4272 1059 4341 crtl,8,
1070 4275 1095 4326 3.

175 4338 401 4404 (Aristultraten).
786 4348 906 4412 fucrant
922 4343 967 4396 uei
978 4361 1001 4397 s.
1014 4359 1048 4395 zu
1064 4343 1132 4411 V‚a,
1153 4343 1176 4393 1.
1188 4343 1291 4408 suerat

209 4413 233 4460 4.
252 4426 302 4477 per
325 4409 423 4460 Tierua.
444 4404 538 4461 ‘durch
557 4409 706 4481 Vermitte·
755 4420 890 4467 curemus.

175 4480 238 4547 lang
247 4473 298 4530 -’.
791 4484 830 4546 θ,
843 4487 866 4536 l.
878 4483 976 4536 ciuitas
984 4475 1208 4552 ‘Burgerscbalst

208 4552 385 4620 suffragante
422 4568 444 4605 s.
472 4568 505 4603 zu
534 4551 655 4605 disiectis
682 4552 705 4620 1,
790 4557 816 4604 2.
837 4555 1118 4624 Sicerutperruoouut
1138 4548 1291 4604 ‘daron-³
