2744 5056
407 589 508 645 xxm.
525 587 718 645 HANNIBAL
737 588 812 645 cAP.
833 596 874 651 ta.
1139 576 1201 642 153

81 764 125 826 ibi
145 764 182 825 de
198 761 365 825 Hannibale
386 763 539 824 mentione
559 763 639 824 taeta·
660 782 696 824 ex
718 763 753 824 iis
771 781 849 824 unus
865 764 979 826 dineret
994 781 1061 827 eum
1078 765 1109 825 in
1125 764 1200 826 Pru·

81 851 142 911 siaa
163 865 257 925 regno
274 866 347 910 esse.
376 847 407 908 Id
425 855 544 928 postero
562 848 610 908 die
625 846 808 909 Flamininus
823 850 939 909 senatui
955 848 1067 911 detulit.
1096 849 1199 910 Patres
1217 860 1234 908 t

82 934 260 1011 conscripti,
286 935 338 1013 qui
358 931 524 1013 Hannibale
546 933 609 991 rivo
632 948 785 1012 nunquam
805 951 838 993 se
857 935 924 994 sine
945 933 1059 994 insidiis
1083 933 1198 994 iuturus

82 1018 299 1087 existimarent,
321 1016 433 1091 legatos
454 1019 484 1075 in
506 1015 675 1095 Bithyniam
696 1020 859 1095 miserunt,
880 1019 968 1080 iniis
989 1017 1198 1086 Flamininum,

82 1104 133 1182 qui
148 1101 185 1162 ab
202 1118 274 1178 rege
289 1109 441 1179 peterent,
463 1118 501 1161 ne
516 1101 752 1162 inimicissimum
769 1119 855 1162 suum
871 1119 974 1163 secum
989 1101 1115 1162 haberet
1129 1100 1199 1162 sibi·

82 1204 142 1264 que
157 1186 288 1248 dederet.
319 1185 370 1245 llis
386 1185 490 1246 Prusia
506 1202 616 1262 negare
632 1203 721 1246 ausus
737 1203 797 1245 non
814 1196 873 1259 est;
894 1185 967 1246 illud
982 1188 1144 1256 recusavit,
1161 1205 1199 1246 ne
1218 1196 1234 1246 3

82 1271 112 1331 id
134 1289 149 1330 a
166 1289 198 1331 se
212 1269 278 1331 lieri
292 1267 493 1348 postularent,
520 1269 599 1346 quod
615 1269 757 1330 adversus
772 1269 819 1330 ius
835 1270 955 1349 hospitii
973 1280 1065 1331 esset:
1088 1272 1159 1350 Ipsi,
1176 1273 1202 1330 si

83 1361 217 1433 possent,
244 1353 548 1432 comprehenderent:
574 1355 690 1426 locum,
717 1354 767 1415 ubi
794 1364 885 1432 esset,
912 1355 998 1416 iaciie
1018 1357 1199 1416 inventuros.

82 1437 231 1501 Hannibal
247 1440 326 1499 enim
342 1456 401 1498 uno
418 1437 484 1497 loco
500 1456 533 1498 se
549 1438 683 1515 tenebat,
699 1440 730 1498 in
747 1438 882 1508 castello,
900 1439 979 1516 quod
995 1441 1022 1500 ei
1038 1456 1137 1517 arege
1150 1439 1201 1500 da·

82 1535 145 1584 tum
167 1529 231 1584 erat
251 1524 383 1590 muneri;
410 1523 501 1599 idque
524 1524 566 1583 sic
588 1523 773 1594 aedificarat,
800 1535 833 1584 ut
857 1525 887 1583 in
910 1523 1047 1584 omnibus
1068 1523 1201 1602 partibus

83 1607 210 1668 aedilicii
222 1609 319 1668 exitus
331 1605 463 1676 baberet,
480 1606 595 1668 scilicet
607 1625 723 1684 verens,
735 1625 774 1668 ne
787 1626 842 1668 usu
855 1612 979 1677 veniret,
993 1608 1072 1686 quod
1083 1607 1198 1668 accidit.

83 1692 148 1752 Huc
168 1710 236 1752 curn
261 1690 350 1768 legati
364 1691 567 1752 Romanorum
584 1694 732 1752 venissent
747 1710 782 1753 ao
797 1692 984 1752 multitudine
1001 1693 1120 1752 domum
1137 1694 1200 1753 eius
1218 1703 1235 1751 4

84 1774 367 1845 circumdedissent,
383 1793 459 1854 puer
475 1774 511 1835 ab
526 1777 613 1836 ianua
626 1777 813 1856 prospiciens
824 1776 981 1838 Hannibali
995 1778 1082 1845 dixit,
1099 1774 1201 1854 plures

83 1870 203 1939 praeter
226 1861 471 1920 consuetudinem
493 1870 623 1920 armatos
644 1878 798 1939 apparere.
843 1858 899 1929 Qui
923 1863 1079 1941 imperavit
1100 1862 1140 1930 ei,
1169 1870 1201 1920 ut

83 1962 187 2005 omnes
203 1945 283 2005 iores
310 1945 435 2006 aedilicii
457 1945 631 2005 clrcumiret
652 1963 687 2004 ac
709 1962 838 2023 propere
860 1944 917 2005 sibi
938 1947 1102 2013 nuntiaret,
1130 1963 1201 2004 nunt

84 2028 189 2090 eodem
206 2029 294 2089 modo
309 2028 440 2108 undique
455 2027 653 2090 obsideretur.
681 2029 759 2090 Puer
776 2047 842 2090 cunr
859 2029 1012 2100 celeriter,
1029 2029 1099 2106 quid
1113 2038 1199 2098 esset,
1219 2039 1235 2087 a

83 2114 285 2174 renuntiasset
307 2115 463 2190 omnisque
485 2116 580 2174 exitus
602 2124 762 2192 occupatos
778 2115 967 2183 ostendisset,
989 2115 1083 2175 sensit
1095 2114 1126 2174 id
1141 2131 1201 2173 non

83 2197 206 2258 fortuito
229 2198 354 2268 lactum,
378 2199 429 2258 sed
448 2216 480 2258 se
496 2200 556 2276 peti
571 2214 671 2274 neque
687 2197 745 2258 sibi
761 2199 871 2259 diutius
886 2201 974 2258 vitam
991 2217 1056 2260 esse
1071 2199 1202 2260 retinen-

84 2281 161 2345 dam.
191 2279 284 2350 Quam
300 2299 339 2342 ne
354 2280 451 2344 alieno
468 2281 591 2344 arbitrio
608 2282 784 2359 dImitteret,
805 2300 919 2343 memor
935 2285 1128 2362 pristinarum
1146 2285 1202 2341 vir-

83 2373 179 2427 tutum
196 2383 356 2435 venenum,
374 2365 453 2444 quod
470 2384 589 2444 semper
604 2384 706 2428 secum
722 2366 834 2428 habere
850 2375 1020 2443 consuerat,
1037 2370 1174 2445 sumpsit.
1213 2378 1251 2422 rea

170 2448 218 2510 13.
240 2450 290 2511 Sic
310 2452 354 2510 vir
378 2452 555 2511 fortissimus
577 2450 676 2512 multis
692 2453 839 2528 variisque
855 2450 1029 2530 perfunctus
1044 2450 1197 2512 laboribus

83 2552 163 2596 anuo
174 2534 323 2612 adquIevit
334 2537 560 2613 septuagesimo.
583 2533 697 2604 Quibus
710 2534 880 2613 consulibus
892 2536 1048 2605 interierit,
1061 2553 1121 2595 non
1133 2552 1204 2595 con·

119 2790 143 2838 2.
162 2785 259 2838 Patren
282 2785 432 2855 conscripti
453 2785 541 2838 soviel
565 2786 618 2836 wie
704 2786 825 2853 baberet,
845 2786 992 2839 Hannibal.

83 2863 233 2907 senatores.
257 2883 292 2894 —-
310 2857 358 2923 pai
375 2885 408 2893 -
427 2855 619 2907 existimarent
704 2872 757 2907 usa
769 2857 875 2909 veniret
886 2874 907 2911 s.
919 2857 979 2921 VII,
992 2860 1016 2914 4,
1027 2860 1053 2909 5.

85 2926 129 2978 ein
146 2925 212 2977 Sata
228 2925 280 2976 wie
297 2926 374 2992 11,7,
390 2923 406 2977 6
422 2926 469 2992 qui
486 2925 516 2976 id
524 2926 618 2994 potius
703 2929 729 2977 4.
746 2943 816 2994 puer
839 2927 927 2978 heissi
951 2928 992 2978 ost
1009 2921 1062 2978 ‘ein
1087 2920 1204 2990 Sklave',

83 2997 267 3048 intuerentur.
296 3022 329 3032 -
357 2996 518 3048 Hannibale
545 2997 616 3060 nivo,
671 2995 741 3046 ohne
755 2996 905 3048 Rdclrsicbt
917 2996 1021 3049 auidae
1031 2994 1204 3048 Attae-ao

85 3066 140 3135 vgl.
151 3065 312 3118 Alexandro
321 3065 382 3116 uiuo
394 3064 495 3132 XVIII,
504 3071 530 3132 4,
541 3070 566 3117 4.
670 3063 760 3116 ianua
775 3067 852 3117 verb.
864 3066 911 3117 rnit
921 3067 1098 3133 prospiciens.
1108 3095 1133 3104 -—
1146 3065 1204 3132 piu-

118 3135 507 3198 eecctrnbaberetwieX,i,l.
671 3151 715 3185 ree
733 3129 999 3196 ‘mehrere'-als2,
1030 3154 1034 3159 ·

54 3233 60 3245 ·
121 3205 225 3273 tibique
244 3205 368 3272 dederet,
393 3221 450 3256 was
469 3205 506 3257 ist
525 3203 619 3255 hieran
703 3211 812 3271 praeter
834 3205 886 3256 wie
901 3205 925 3267 I,
942 3209 967 3268 2,
985 3206 1001 3256 b
1019 3209 1129 3271 praeter
1147 3200 1206 3268 opi-

86 3272 617 3337 nusnearentnehmenis.anXVlIl,
672 3272 791 3327 aionem.
1242 3332 1246 3338 ¹

85 3348 169 3414 aaa
180 3352 353 3414 exspectaret
362 3362 389 3396 u.
400 3361 432 3396 an
443 3342 544 3410 xviri,
555 3348 580 3402 4,
591 3345 616 3397 3.
682 3361 684 3365 ·
706 3347 732 3396 b.
750 3344 823 3395 Puer
837 3343 875 3394 ist
888 3341 1010 3411 auiiiillig
1022 3358 1071 3394 vor
1080 3341 1125 3392 die
1136 3341 1207 3391 Con-

120 3415 146 3467 3.
164 3415 328 3467 Praeiawie
338 3417 431 3466 Barca
441 3412 566 3479 XXII,1,
580 3417 603 3466 1.
668 3414 794 3481 junction
812 3412 933 3482 garielli,
951 3412 986 3464 da
1003 3430 1033 3465 es
1048 3411 1118 3462 doch
1132 3410 1209 3461 nicht

122 3499 229 3554 negare
261 3484 321 3536 bier
353 3485 423 3537 ohne
450 3485 620 3536 bestimmten
673 3480 1205 3551 SubjectdesHauptsatzes(sensit)ist.

87 3551 191 3622 Object
212 3550 281 3606 ‘eine
301 3554 475 3623 absobligige
494 3558 622 3608 Antwort
674 3581 707 3591 —
718 3553 881 3606 oetendieret
891 3554 942 3604 wie
954 3552 1001 3618 III,
1011 3553 1036 3617 ὃ,
1048 3556 1072 3604 2.

86 3618 194 3690 gaben'.
707 3641 736 3676 re
752 3623 808 3692 peti
822 3623 876 3676 wie
887 3623 922 3689 H,
932 3628 957 3689 2,
970 3621 988 3675 6
1001 3620 1209 3674 maximeAtbe·

122 3693 195 3746 illud
213 3688 273 3743 ‘nur
290 3687 358 3744 das’.
673 3694 783 3747 reienses
790 3700 847 3762 peti
856 3694 1022 3746 dicerentur.

122 3780 158 3816 ne
177 3762 247 3815 nach
265 3762 405 3816 recusavit
419 3759 510 3831 (wien
527 3782 558 3816 er
573 3781 621 3816 zu·
708 3781 794 3830 neque
807 3764 992 3827 retinendam,
1007 3761 1055 3813 das
1066 3757 1208 3810 Gerundir

87 3826 173 3900 rrick’)
189 3832 273 3885 durch
292 3828 373 3886 ‘dass’
392 3849 427 3887 zu
446 3835 621 3900 tibersctzen,
673 3834 720 3896 mit
727 3851 750 3885 e.
758 3834 896 3903 Negation
904 3833 947 3888 od.
957 3832 1004 3883 oia
1014 3828 1147 3883 bedentet
1156 3827 1208 3878 Et-

88 3903 143 3972 vgl.
154 3902 259 3954 obstitit
268 3920 303 3954 ne
312 3903 334 3966 I,
343 3905 368 3968 3,
380 3905 405 3954 5.
674 3920 745 3968 was,
762 3904 810 3956 dae
820 3904 895 3955 nicht
902 3902 1004 3971 gethan
1014 3899 1126 3951 werden
1136 3897 1208 3950 dari.

123 3972 265 4040 id-puod
274 3979 344 4024 esset
353 3968 434 4038 (eine
444 3974 529 4039 Tbat,
539 3974 584 4026 die
594 3974 622 4026 in
707 3973 800 4026 alieno
808 3968 1006 4025 arbitrio‘nach
1014 3964 1064 4022 —'.
1070 3967 1207 4021 dimittere
1217 3995 1222 4002 ·

88 4041 285 4112 Widarsprucb
304 4038 435 4110 stdnde'.)
460 4062 480 4097 s.
499 4062 532 4097 nu
549 4043 622 4112 VIII,
672 4037 792 4101 ‘lassen'.

87 4110 114 4179 4,
124 4116 140 4165 2
151 4112 189 4179 id,
200 4113 273 4180 quod
282 4112 437 4165 invideant.
709 4131 816 4179 memor,
825 4110 903 4164 nimm
919 4110 1007 4165 dator
1021 4108 1136 4178 sumpsit
1145 4108 1208 4160 ber-

123 4183 392 4251 camprebenderent,
404 4183 448 4234 ein
457 4177 623 4249 ConJunctiv
675 4185 731 4236 eni.
751 4213 793 4270 -‚
803 4184 937 4235 virtutum
959 4177 1060 4234 ‘aeiner
1080 4182 1206 4247 tapiereu

88 4250 624 4392 daigdddgstfdddrIIII'rtnl'dedidicere-dd&
675 4254 813 4388 Τὶῖἓηι..
841 4318 983 4387 adquievit
1006 4315 1141 4387 ‘galangte
1160 4332 1210 4367 zur

88 4406 112 4442 s.
123 4409 155 4445 aa
166 4394 188 4459 1,
201 4395 224 4459 l,
233 4395 249 4446 3
258 4397 509 4461 praeperasutara.
677 4389 774 4460 Ruhe',
792 4392 819 4444 in
834 4393 929 4459 Bezng
944 4390 993 4440 aui
1004 4387 1097 4441 maltis
1111 4386 1211 4438 carita
